% \newcommand{\mnras}{{\em Mon. Not. Roy. Astron. Soc. }}
% \newcommand{\apjl}{{\em Astrophys. J. Let. }}
% \newcommand{\araa}{{\em Ann. Rev. Astron. \& Astrophys.}}
% \newcommand{\apjs}{ApJS}
% \newcommand{\jcap}{JCAP}
% \newcommand{\physrep}{{\em Phys. Rept. }}
% \newcommand{\aap}{{\em Astron. Astrophys. }}
% \newcommand{\aj}{AJ }
% \newcommand{\apj}{ApJ}
% \newcommand{\pasp}{PASP}
% \newcommand{\pasj}{PASJ}
% \def\prd{{\em Phys. Rev. }{\bf D }}
% \def\prl{{\em Phys. Rev. }{\bf L }}


% non-linear multi-fidelity
@ARTICLE{2017RSPSA.47360751P,
       author = {{Perdikaris}, P. and {Raissi}, M. and {Damianou}, A. and {Lawrence}, N.~D. and {Karniadakis}, G.~E.},
        title = "{Nonlinear information fusion algorithms for data-efficient multi-fidelity modelling}",
      journal = {Proceedings of the Royal Society of London Series A},
         year = 2017,
        month = feb,
       volume = {473},
       number = {2198},
          eid = {20160751},
        pages = {20160751},
          doi = {10.1098/rspa.2016.0751},
       adsurl = {https://ui.adsabs.harvard.edu/abs/2017RSPSA.47360751P},
      adsnote = {Provided by the SAO/NASA Astrophysics Data System}
}

% a book for analysis of computer simulation codes
@book{Santner:2003,
  author    = {Thomas J. Santner and
               Brian J. Williams and
               William I. Notz},
  title     = {The Design and Analysis of Computer Experiments},
  series    = {Springer series in statistics},
  publisher = {Springer},
  year      = {2003},
  isbn      = {978-0-387-95420-2},
  timestamp = {Mon, 15 Jul 2019 01:00:00 +0200},
  biburl    = {https://dblp.org/rec/books/daglib/0022270.bib},
  bibsource = {dblp computer science bibliography, https://dblp.org}
}

% a graphical GP for multi-fidelity paper
@ARTICLE{Ji:2021,
       author = {{Ji}, Yi and {Mak}, Simon and {Soeder}, Derek and {Paquet}, J-F and {Bass}, Steffen A.},
        title = "{A graphical multi-fidelity Gaussian process model, with application to emulation of expensive computer simulations}",
      journal = {arXiv e-prints},
     keywords = {Statistics - Methodology},
         year = 2021,
        month = jul,
          eid = {arXiv:2108.00306},
        pages = {arXiv:2108.00306},
archivePrefix = {arXiv},
       eprint = {2108.00306},
 primaryClass = {stat.ME},
       adsurl = {https://ui.adsabs.harvard.edu/abs/2021arXiv210800306J},
      adsnote = {Provided by the SAO/NASA Astrophysics Data System}
}


% DESI white paper
@ARTICLE{2022arXiv220307491V,
       author = {{Valluri}, Monica and {Chabanier}, Solene and {Irsic}, Vid and {Armengaud}, Eric and {Walther}, Michael and {Rockosi}, Connie and {Sanchez-Conde}, Miguel A. and {Beraldo e Silva}, Leandro and {Cooper}, Andrew P. and {Darragh-Ford}, Elise and {Dawson}, Kyle and {Deason}, Alis J. and {Ferraro}, Simone and {Forero-Romero}, Jaime E. and {Garzilli}, Antonella and {Li}, Ting and {Lukic}, Zarija and {Manser}, Christopher J. and {Palanque-Delabrouille}, Nathalie and {Ravoux}, Corentin and {Tan}, Ting and {Wang}, Wenting and {Weschler}, Risa and {Carrillo}, Andreia and {Dey}, Arjun and {Koposov}, Sergey E. and {Mao}, Yao-Yuan and {Montero-Camacho}, Paulo and {Patel}, Ekta and {Rossi}, Graziano and {Urena-Lopez}, L. Arturo and {Valenzuela}, Octavio},
        title = "{Snowmass2021 Cosmic Frontier White Paper: Prospects for obtaining Dark Matter Constraints with DESI}",
      journal = {arXiv e-prints},
     keywords = {Astrophysics - Cosmology and Nongalactic Astrophysics, Astrophysics - Astrophysics of Galaxies, High Energy Physics - Phenomenology},
         year = 2022,
        month = mar,
          eid = {arXiv:2203.07491},
        pages = {arXiv:2203.07491},
archivePrefix = {arXiv},
       eprint = {2203.07491},
 primaryClass = {astro-ph.CO},
       adsurl = {https://ui.adsabs.harvard.edu/abs/2022arXiv220307491V},
      adsnote = {Provided by the SAO/NASA Astrophysics Data System}
}

% DESI
@ARTICLE{2016arXiv161100036D,
       author = {{DESI Collaboration} and {Aghamousa}, Amir and {Aguilar}, Jessica and {Ahlen}, Steve and {Alam}, Shadab and {Allen}, Lori E. and {Allende Prieto}, Carlos and {Annis}, James and {Bailey}, Stephen and {Balland}, Christophe and {Ballester}, Otger and {Baltay}, Charles and {Beaufore}, Lucas and {Bebek}, Chris and {Beers}, Timothy C. and {Bell}, Eric F. and {Bernal}, Jos{\'e} Luis and {Besuner}, Robert and {Beutler}, Florian and {Blake}, Chris and {Bleuler}, Hannes and {Blomqvist}, Michael and {Blum}, Robert and {Bolton}, Adam S. and {Briceno}, Cesar and {Brooks}, David and {Brownstein}, Joel R. and {Buckley-Geer}, Elizabeth and {Burden}, Angela and {Burtin}, Etienne and {Busca}, Nicolas G. and {Cahn}, Robert N. and {Cai}, Yan-Chuan and {Cardiel-Sas}, Laia and {Carlberg}, Raymond G. and {Carton}, Pierre-Henri and {Casas}, Ricard and {Castander}, Francisco J. and {Cervantes-Cota}, Jorge L. and {Claybaugh}, Todd M. and {Close}, Madeline and {Coker}, Carl T. and {Cole}, Shaun and {Comparat}, Johan and {Cooper}, Andrew P. and {Cousinou}, M. -C. and {Crocce}, Martin and {Cuby}, Jean-Gabriel and {Cunningham}, Daniel P. and {Davis}, Tamara M. and {Dawson}, Kyle S. and {de la Macorra}, Axel and {De Vicente}, Juan and {Delubac}, Timoth{\'e}e and {Derwent}, Mark and {Dey}, Arjun and {Dhungana}, Govinda and {Ding}, Zhejie and {Doel}, Peter and {Duan}, Yutong T. and {Ealet}, Anne and {Edelstein}, Jerry and {Eftekharzadeh}, Sarah and {Eisenstein}, Daniel J. and {Elliott}, Ann and {Escoffier}, St{\'e}phanie and {Evatt}, Matthew and {Fagrelius}, Parker and {Fan}, Xiaohui and {Fanning}, Kevin and {Farahi}, Arya and {Farihi}, Jay and {Favole}, Ginevra and {Feng}, Yu and {Fernandez}, Enrique and {Findlay}, Joseph R. and {Finkbeiner}, Douglas P. and {Fitzpatrick}, Michael J. and {Flaugher}, Brenna and {Flender}, Samuel and {Font-Ribera}, Andreu and {Forero-Romero}, Jaime E. and {Fosalba}, Pablo and {Frenk}, Carlos S. and {Fumagalli}, Michele and {Gaensicke}, Boris T. and {Gallo}, Giuseppe and {Garcia-Bellido}, Juan and {Gaztanaga}, Enrique and {Pietro Gentile Fusillo}, Nicola and {Gerard}, Terry and {Gershkovich}, Irena and {Giannantonio}, Tommaso and {Gillet}, Denis and {Gonzalez-de-Rivera}, Guillermo and {Gonzalez-Perez}, Violeta and {Gott}, Shelby and {Graur}, Or and {Gutierrez}, Gaston and {Guy}, Julien and {Habib}, Salman and {Heetderks}, Henry and {Heetderks}, Ian and {Heitmann}, Katrin and {Hellwing}, Wojciech A. and {Herrera}, David A. and {Ho}, Shirley and {Holland}, Stephen and {Honscheid}, Klaus and {Huff}, Eric and {Hutchinson}, Timothy A. and {Huterer}, Dragan and {Hwang}, Ho Seong and {Illa Laguna}, Joseph Maria and {Ishikawa}, Yuzo and {Jacobs}, Dianna and {Jeffrey}, Niall and {Jelinsky}, Patrick and {Jennings}, Elise and {Jiang}, Linhua and {Jimenez}, Jorge and {Johnson}, Jennifer and {Joyce}, Richard and {Jullo}, Eric and {Juneau}, St{\'e}phanie and {Kama}, Sami and {Karcher}, Armin and {Karkar}, Sonia and {Kehoe}, Robert and {Kennamer}, Noble and {Kent}, Stephen and {Kilbinger}, Martin and {Kim}, Alex G. and {Kirkby}, David and {Kisner}, Theodore and {Kitanidis}, Ellie and {Kneib}, Jean-Paul and {Koposov}, Sergey and {Kovacs}, Eve and {Koyama}, Kazuya and {Kremin}, Anthony and {Kron}, Richard and {Kronig}, Luzius and {Kueter-Young}, Andrea and {Lacey}, Cedric G. and {Lafever}, Robin and {Lahav}, Ofer and {Lambert}, Andrew and {Lampton}, Michael and {Landriau}, Martin and {Lang}, Dustin and {Lauer}, Tod R. and {Le Goff}, Jean-Marc and {Le Guillou}, Laurent and {Le Van Suu}, Auguste and {Lee}, Jae Hyeon and {Lee}, Su-Jeong and {Leitner}, Daniela and {Lesser}, Michael and {Levi}, Michael E. and {L'Huillier}, Benjamin and {Li}, Baojiu and {Liang}, Ming and {Lin}, Huan and {Linder}, Eric and {Loebman}, Sarah R. and {Luki{\'c}}, Zarija and {Ma}, Jun and {MacCrann}, Niall and {Magneville}, Christophe and {Makarem}, Laleh and {Manera}, Marc and {Manser}, Christopher J. and {Marshall}, Robert and {Martini}, Paul and {Massey}, Richard and {Matheson}, Thomas and {McCauley}, Jeremy and {McDonald}, Patrick and {McGreer}, Ian D. and {Meisner}, Aaron and {Metcalfe}, Nigel and {Miller}, Timothy N. and {Miquel}, Ramon and {Moustakas}, John and {Myers}, Adam and {Naik}, Milind and {Newman}, Jeffrey A. and {Nichol}, Robert C. and {Nicola}, Andrina and {Nicolati da Costa}, Luiz and {Nie}, Jundan and {Niz}, Gustavo and {Norberg}, Peder and {Nord}, Brian and {Norman}, Dara and {Nugent}, Peter and {O'Brien}, Thomas and {Oh}, Minji and {Olsen}, Knut A.~G. and {Padilla}, Cristobal and {Padmanabhan}, Hamsa and {Padmanabhan}, Nikhil and {Palanque-Delabrouille}, Nathalie and {Palmese}, Antonella and {Pappalardo}, Daniel and {P{\^a}ris}, Isabelle and {Park}, Changbom and {Patej}, Anna and {Peacock}, John A. and {Peiris}, Hiranya V. and {Peng}, Xiyan and {Percival}, Will J. and {Perruchot}, Sandrine and {Pieri}, Matthew M. and {Pogge}, Richard and {Pollack}, Jennifer E. and {Poppett}, Claire and {Prada}, Francisco and {Prakash}, Abhishek and {Probst}, Ronald G. and {Rabinowitz}, David and {Raichoor}, Anand and {Ree}, Chang Hee and {Refregier}, Alexandre and {Regal}, Xavier and {Reid}, Beth and {Reil}, Kevin and {Rezaie}, Mehdi and {Rockosi}, Constance M. and {Roe}, Natalie and {Ronayette}, Samuel and {Roodman}, Aaron and {Ross}, Ashley J. and {Ross}, Nicholas P. and {Rossi}, Graziano and {Rozo}, Eduardo and {Ruhlmann-Kleider}, Vanina and {Rykoff}, Eli S. and {Sabiu}, Cristiano and {Samushia}, Lado and {Sanchez}, Eusebio and {Sanchez}, Javier and {Schlegel}, David J. and {Schneider}, Michael and {Schubnell}, Michael and {Secroun}, Aur{\'e}lia and {Seljak}, Uros and {Seo}, Hee-Jong and {Serrano}, Santiago and {Shafieloo}, Arman and {Shan}, Huanyuan and {Sharples}, Ray and {Sholl}, Michael J. and {Shourt}, William V. and {Silber}, Joseph H. and {Silva}, David R. and {Sirk}, Martin M. and {Slosar}, Anze and {Smith}, Alex and {Smoot}, George F. and {Som}, Debopam and {Song}, Yong-Seon and {Sprayberry}, David and {Staten}, Ryan and {Stefanik}, Andy and {Tarle}, Gregory and {Sien Tie}, Suk and {Tinker}, Jeremy L. and {Tojeiro}, Rita and {Valdes}, Francisco and {Valenzuela}, Octavio and {Valluri}, Monica and {Vargas-Magana}, Mariana and {Verde}, Licia and {Walker}, Alistair R. and {Wang}, Jiali and {Wang}, Yuting and {Weaver}, Benjamin A. and {Weaverdyck}, Curtis and {Wechsler}, Risa H. and {Weinberg}, David H. and {White}, Martin and {Yang}, Qian and {Yeche}, Christophe and {Zhang}, Tianmeng and {Zhao}, Gong-Bo and {Zheng}, Yi and {Zhou}, Xu and {Zhou}, Zhimin and {Zhu}, Yaling and {Zou}, Hu and {Zu}, Ying},
        title = "{The DESI Experiment Part I: Science,Targeting, and Survey Design}",
      journal = {arXiv e-prints},
     keywords = {Astrophysics - Instrumentation and Methods for Astrophysics, Astrophysics - Cosmology and Nongalactic Astrophysics},
         year = 2016,
        month = oct,
          eid = {arXiv:1611.00036},
        pages = {arXiv:1611.00036},
archivePrefix = {arXiv},
       eprint = {1611.00036},
 primaryClass = {astro-ph.IM},
       adsurl = {https://ui.adsabs.harvard.edu/abs/2016arXiv161100036D},
      adsnote = {Provided by the SAO/NASA Astrophysics Data System}
}

% Ming-Feng's DLA paper
@ARTICLE{2021MNRAS.507..704H,
       author = {{Ho}, Ming-Feng and {Bird}, Simeon and {Garnett}, Roman},
        title = "{Damped Lyman-{\ensuremath{\alpha}} absorbers from Sloan digital sky survey DR16Q with Gaussian processes}",
      journal = {\mnras},
     keywords = {intergalactic medium, quasars: absorption lines, galaxies: statistics, Astrophysics - Astrophysics of Galaxies, Astrophysics - Instrumentation and Methods for Astrophysics, Physics - Data Analysis, Statistics and Probability},
         year = 2021,
        month = oct,
       volume = {507},
       number = {1},
        pages = {704-719},
          doi = {10.1093/mnras/stab2169},
archivePrefix = {arXiv},
       eprint = {2103.10964},
 primaryClass = {astro-ph.GA},
       adsurl = {https://ui.adsabs.harvard.edu/abs/2021MNRAS.507..704H},
      adsnote = {Provided by the SAO/NASA Astrophysics Data System}
}

% quick lyman alpha
@ARTICLE{2004MNRAS.354..684V,
       author = {{Viel}, Matteo and {Haehnelt}, Martin G. and {Springel}, Volker},
        title = "{Inferring the dark matter power spectrum from the Lyman {\ensuremath{\alpha}} forest in high-resolution QSO absorption spectra}",
      journal = {\mnras},
     keywords = {intergalactic medium, quasars: absorption lines, large-scale structure of Universe, Astrophysics},
         year = 2004,
        month = nov,
       volume = {354},
       number = {3},
        pages = {684-694},
          doi = {10.1111/j.1365-2966.2004.08224.x},
archivePrefix = {arXiv},
       eprint = {astro-ph/0404600},
 primaryClass = {astro-ph},
       adsurl = {https://ui.adsabs.harvard.edu/abs/2004MNRAS.354..684V},
      adsnote = {Provided by the SAO/NASA Astrophysics Data System}
}

% multi-fidelity
@ARTICLE{10.1093/biomet/87.1.1,
    author = {Kennedy, MC and O'Hagan, A},
    title = "{Predicting the output from a complex computer code when fast approximations are available}",
    journal = {Biometrika},
    volume = {87},
    number = {1},
    pages = {1-13},
    year = {2000},
    month = {03},
    issn = {0006-3444},
    doi = {10.1093/biomet/87.1.1},
    url = {https://doi.org/10.1093/biomet/87.1.1},
    eprint = {https://academic.oup.com/biomet/article-pdf/87/1/1/590577/870001.pdf},
}

% gaussian processes
@BOOK{2006gpml.book.....R,
       author = {{Rasmussen}, Carl Edward and {Williams}, Christopher K.~I.},
        title = "{Gaussian Processes for Machine Learning}",
         year = 2006,
       adsurl = {https://ui.adsabs.harvard.edu/abs/2006gpml.book.....R},
      adsnote = {Provided by the SAO/NASA Astrophysics Data System}
}

% studies using flux power spectrum
@ARTICLE{2019MNRAS.490.3177W,
       author = {{Wu}, Xiaohan and {McQuinn}, Matthew and {Kannan}, Rahul and {D'Aloisio}, Anson and {Bird}, Simeon and {Marinacci}, Federico and {Dav{\'e}}, Romeel and {Hernquist}, Lars},
        title = "{Imprints of temperature fluctuations on the z {\ensuremath{\sim}} 5 Lyman-{\ensuremath{\alpha}} forest: a view from radiation-hydrodynamic simulations of reionization}",
      journal = {\mnras},
     keywords = {methods: numerical, galaxies: high-redshift, intergalactic medium, dark ages, reionization, first stars, Astrophysics - Cosmology and Nongalactic Astrophysics, Astrophysics - Astrophysics of Galaxies},
         year = 2019,
        month = dec,
       volume = {490},
       number = {3},
        pages = {3177-3195},
          doi = {10.1093/mnras/stz2807},
archivePrefix = {arXiv},
       eprint = {1907.04860},
 primaryClass = {astro-ph.CO},
       adsurl = {https://ui.adsabs.harvard.edu/abs/2019MNRAS.490.3177W},
      adsnote = {Provided by the SAO/NASA Astrophysics Data System}
}

@ARTICLE{2019ApJ...872..101B,
       author = {{Boera}, Elisa and {Becker}, George D. and {Bolton}, James S. and {Nasir}, Fahad},
        title = "{Revealing Reionization with the Thermal History of the Intergalactic Medium: New Constraints from the Ly{\ensuremath{\alpha}} Flux Power Spectrum}",
      journal = {\apj},
     keywords = {cosmology: observations, early universe, methods: observational, methods: statistical, quasars: absorption lines, Astrophysics - Cosmology and Nongalactic Astrophysics},
         year = 2019,
        month = feb,
       volume = {872},
       number = {1},
          eid = {101},
        pages = {101},
          doi = {10.3847/1538-4357/aafee4},
archivePrefix = {arXiv},
       eprint = {1809.06980},
 primaryClass = {astro-ph.CO},
       adsurl = {https://ui.adsabs.harvard.edu/abs/2019ApJ...872..101B},
      adsnote = {Provided by the SAO/NASA Astrophysics Data System}
}

@ARTICLE{2016MNRAS.463.2335N,
       author = {{Nasir}, Fahad and {Bolton}, James S. and {Becker}, George D.},
        title = "{Inferring the IGM thermal history during reionization with the Lyman {\ensuremath{\alpha}} forest power spectrum at redshift z ≃ 5}",
      journal = {\mnras},
     keywords = {methods: numerical, intergalactic medium, quasars: absorption lines, dark ages, reionization, first stars, Astrophysics - Cosmology and Nongalactic Astrophysics},
         year = 2016,
        month = dec,
       volume = {463},
       number = {3},
        pages = {2335-2347},
          doi = {10.1093/mnras/stw2147},
archivePrefix = {arXiv},
       eprint = {1605.04155},
 primaryClass = {astro-ph.CO},
       adsurl = {https://ui.adsabs.harvard.edu/abs/2016MNRAS.463.2335N},
      adsnote = {Provided by the SAO/NASA Astrophysics Data System}
}

@ARTICLE{2021PhRvL.126g1302R,
       author = {{Rogers}, Keir K. and {Peiris}, Hiranya V.},
        title = "{Strong Bound on Canonical Ultralight Axion Dark Matter from the Lyman-Alpha Forest}",
      journal = {\prl},
     keywords = {Astrophysics - Cosmology and Nongalactic Astrophysics, High Energy Physics - Phenomenology},
         year = 2021,
        month = feb,
       volume = {126},
       number = {7},
          eid = {071302},
        pages = {071302},
          doi = {10.1103/PhysRevLett.126.071302},
archivePrefix = {arXiv},
       eprint = {2007.12705},
 primaryClass = {astro-ph.CO},
       adsurl = {https://ui.adsabs.harvard.edu/abs/2021PhRvL.126g1302R},
      adsnote = {Provided by the SAO/NASA Astrophysics Data System}
}

@ARTICLE{2021JCAP...03..049G,
       author = {{Garny}, Mathias and {Konstandin}, Thomas and {Sagunski}, Laura and {Viel}, Matteo},
        title = "{Neutrino mass bounds from confronting an effective model with BOSS Lyman-{\ensuremath{\alpha}} data}",
      journal = {\jcap},
     keywords = {Lyman alpha forest, neutrino masses from cosmology, power spectrum, Astrophysics - Cosmology and Nongalactic Astrophysics, High Energy Physics - Phenomenology},
         year = 2021,
        month = mar,
       volume = {2021},
       number = {3},
          eid = {049},
        pages = {049},
          doi = {10.1088/1475-7516/2021/03/049},
archivePrefix = {arXiv},
       eprint = {2011.03050},
 primaryClass = {astro-ph.CO},
       adsurl = {https://ui.adsabs.harvard.edu/abs/2021JCAP...03..049G},
      adsnote = {Provided by the SAO/NASA Astrophysics Data System}
}

@ARTICLE{2020JCAP...04..038P,
       author = {{Palanque-Delabrouille}, Nathalie and {Y{\`e}che}, Christophe and {Sch{\"o}neberg}, Nils and {Lesgourgues}, Julien and {Walther}, Michael and {Chabanier}, Sol{\`e}ne and {Armengaud}, Eric},
        title = "{Hints, neutrino bounds, and WDM constraints from SDSS DR14 Lyman-{\ensuremath{\alpha}} and Planck full-survey data}",
      journal = {\jcap},
     keywords = {Astrophysics - Cosmology and Nongalactic Astrophysics},
         year = 2020,
        month = apr,
       volume = {2020},
       number = {4},
          eid = {038},
        pages = {038},
          doi = {10.1088/1475-7516/2020/04/038},
archivePrefix = {arXiv},
       eprint = {1911.09073},
 primaryClass = {astro-ph.CO},
       adsurl = {https://ui.adsabs.harvard.edu/abs/2020JCAP...04..038P},
      adsnote = {Provided by the SAO/NASA Astrophysics Data System}
}

@ARTICLE{2021MNRAS.506.4389G,
       author = {{Gaikwad}, Prakash and {Srianand}, Raghunathan and {Haehnelt}, Martin G. and {Choudhury}, Tirthankar Roy},
        title = "{A consistent and robust measurement of the thermal state of the IGM at 2 {\ensuremath{\leq}} z {\ensuremath{\leq}} 4 from a large sample of Ly {\ensuremath{\alpha}} forest spectra: evidence for late and rapid He II reionization}",
      journal = {\mnras},
     keywords = {methods: numerical, intergalactic medium, quasars: absorption lines, large-scale structure of Universe, Astrophysics - Cosmology and Nongalactic Astrophysics, Astrophysics - Astrophysics of Galaxies},
         year = 2021,
        month = sep,
       volume = {506},
       number = {3},
        pages = {4389-4412},
          doi = {10.1093/mnras/stab2017},
archivePrefix = {arXiv},
       eprint = {2009.00016},
 primaryClass = {astro-ph.CO},
       adsurl = {https://ui.adsabs.harvard.edu/abs/2021MNRAS.506.4389G},
      adsnote = {Provided by the SAO/NASA Astrophysics Data System}
}

@ARTICLE{2021arXiv211100019V,
       author = {{Villasenor}, Bruno and {Robertson}, Brant and {Madau}, Piero and {Schneider}, Evan},
        title = "{Inferring the Thermal History of the Intergalactic Medium from the Properties of the Hydrogen and Helium Lyman-alpha Forest}",
      journal = {arXiv e-prints},
     keywords = {Astrophysics - Cosmology and Nongalactic Astrophysics},
         year = 2021,
        month = oct,
          eid = {arXiv:2111.00019},
        pages = {arXiv:2111.00019},
archivePrefix = {arXiv},
       eprint = {2111.00019},
 primaryClass = {astro-ph.CO},
       adsurl = {https://ui.adsabs.harvard.edu/abs/2021arXiv211100019V},
      adsnote = {Provided by the SAO/NASA Astrophysics Data System}
}

% hires flux power
@ARTICLE{2019MNRAS.489.2536D,
       author = {{Day}, Aaron and {Tytler}, David and {Kambalur}, Bharat},
        title = "{Power spectrum of the flux in the Lyman-alpha forest from high-resolution spectra of 87 QSOs}",
      journal = {\mnras},
     keywords = {astroparticle physics, neutrinos, intergalactic medium, quasars: absorption lines, cosmology: observations},
         year = 2019,
        month = oct,
       volume = {489},
       number = {2},
        pages = {2536-2554},
          doi = {10.1093/mnras/stz2214},
       adsurl = {https://ui.adsabs.harvard.edu/abs/2019MNRAS.489.2536D},
      adsnote = {Provided by the SAO/NASA Astrophysics Data System}
}

% kodiaq, xq-100, squad flux power
@ARTICLE{2022MNRAS.509.2842K,
       author = {{Kara{\c{c}}ayl{\i}}, Naim G{\"o}ksel and {Padmanabhan}, Nikhil and {Font-Ribera}, Andreu and {Ir{\v{s}}i{\v{c}}}, Vid and {Walther}, Michael and {Brooks}, David and {Gazta{\~n}aga}, Enrique and {Kehoe}, Robert and {Levi}, Michael and {Ntelis}, Pierros and {Palanque-Delabrouille}, Nathalie and {Tarl{\'e}}, Gregory},
        title = "{Optimal 1D Ly {\ensuremath{\alpha}} forest power spectrum estimation - II. KODIAQ, SQUAD, and XQ-100}",
      journal = {\mnras},
     keywords = {methods: data analysis, intergalactic medium, quasars: absorption lines, Astrophysics - Cosmology and Nongalactic Astrophysics},
         year = 2022,
        month = jan,
       volume = {509},
       number = {2},
        pages = {2842-2855},
          doi = {10.1093/mnras/stab3201},
archivePrefix = {arXiv},
       eprint = {2108.10870},
 primaryClass = {astro-ph.CO},
       adsurl = {https://ui.adsabs.harvard.edu/abs/2022MNRAS.509.2842K},
      adsnote = {Provided by the SAO/NASA Astrophysics Data System}
}

% SDSS flux power
@ARTICLE{2019JCAP...07..017C,
       author = {{Chabanier}, Sol{\`e}ne and {Palanque-Delabrouille}, Nathalie and {Y{\`e}che}, Christophe and {Le Goff}, Jean-Marc and {Armengaud}, Eric and {Bautista}, Julian and {Blomqvist}, Michael and {Busca}, Nicolas and {Dawson}, Kyle and {Etourneau}, Thomas and {Font-Ribera}, Andreu and {Lee}, Youngbae and {du Mas des Bourboux}, H{\'e}lion and {Pieri}, Matthew and {Rich}, James and {Rossi}, Graziano and {Schneider}, Donald and {Slosar}, An{\v{z}}e},
        title = "{The one-dimensional power spectrum from the SDSS DR14 Ly{\ensuremath{\alpha}} forests}",
      journal = {\jcap},
     keywords = {Astrophysics - Cosmology and Nongalactic Astrophysics},
         year = 2019,
        month = jul,
       volume = {2019},
       number = {7},
          eid = {017},
        pages = {017},
          doi = {10.1088/1475-7516/2019/07/017},
archivePrefix = {arXiv},
       eprint = {1812.03554},
 primaryClass = {astro-ph.CO},
       adsurl = {https://ui.adsabs.harvard.edu/abs/2019JCAP...07..017C},
      adsnote = {Provided by the SAO/NASA Astrophysics Data System}
}

% ly-a forest flux power paper
@ARTICLE{1998ApJ...495...44C,
       author = {{Croft}, Rupert A.~C. and {Weinberg}, David H. and {Katz}, Neal and {Hernquist}, Lars},
        title = "{Recovery of the Power Spectrum of Mass Fluctuations from Observations of the Ly{\ensuremath{\alpha}} Forest}",
      journal = {\apj},
     keywords = {GALAXIES: QUASARS: ABSORPTION LINES, GALAXIES: FORMATION, COSMOLOGY: LARGE-SCALE STRUCTURE OF UNIVERSE, COSMOLOGY: THEORY, METHODS: NUMERICAL, Cosmology: Theory, Galaxies: Formation, Cosmology: Large-Scale Structure of Universe, Methods: Numerical, Galaxies: Quasars: Absorption Lines, Astrophysics},
         year = 1998,
        month = mar,
       volume = {495},
       number = {1},
        pages = {44-62},
          doi = {10.1086/305289},
archivePrefix = {arXiv},
       eprint = {astro-ph/9708018},
 primaryClass = {astro-ph},
       adsurl = {https://ui.adsabs.harvard.edu/abs/1998ApJ...495...44C},
      adsnote = {Provided by the SAO/NASA Astrophysics Data System}
}



% astrid
@ARTICLE{Bird:2022,
       author = {{Bird}, Simeon and {Ni}, Yueying and {Di Matteo}, Tiziana and {Croft}, Rupert and {Feng}, Yu and {Chen}, Nianyi},
        title = "{The ASTRID simulation: galaxy formation and reionization}",
      journal = {\mnras},
     keywords = {galaxies: formation, software: simulation, Astrophysics - Astrophysics of Galaxies},
         year = 2022,
        month = may,
       volume = {512},
       number = {3},
        pages = {3703-3716},
          doi = {10.1093/mnras/stac648},
archivePrefix = {arXiv},
       eprint = {2111.01160},
 primaryClass = {astro-ph.GA},
       adsurl = {https://ui.adsabs.harvard.edu/abs/2022MNRAS.512.3703B},
      adsnote = {Provided by the SAO/NASA Astrophysics Data System}
}

% reionization temperature boost
@ARTICLE{2019ApJ...874..154D,
       author = {{D'Aloisio}, Anson and {McQuinn}, Matthew and {Maupin}, Oliver and {Davies}, Frederick B. and {Trac}, Hy and {Fuller}, Spencer and {Upton Sanderbeck}, Phoebe R.},
        title = "{Heating of the Intergalactic Medium by Hydrogen Reionization}",
      journal = {\apj},
     keywords = {cosmology: theory, dark ages, reionization, first stars, galaxies: high-redshift, intergalactic medium, Astrophysics - Cosmology and Nongalactic Astrophysics, Astrophysics - Astrophysics of Galaxies},
         year = 2019,
        month = apr,
       volume = {874},
       number = {2},
          eid = {154},
        pages = {154},
          doi = {10.3847/1538-4357/ab0d83},
archivePrefix = {arXiv},
       eprint = {1807.09282},
 primaryClass = {astro-ph.CO},
       adsurl = {https://ui.adsabs.harvard.edu/abs/2019ApJ...874..154D},
      adsnote = {Provided by the SAO/NASA Astrophysics Data System}
}

% star formation model
@ARTICLE{2003MNRAS.339..289S,
       author = {{Springel}, Volker and {Hernquist}, Lars},
        title = "{Cosmological smoothed particle hydrodynamics simulations: a hybrid multiphase model for star formation}",
      journal = {\mnras},
     keywords = {methods: numerical, galaxies: evolution, galaxies: formation, Astrophysics},
         year = 2003,
        month = feb,
       volume = {339},
       number = {2},
        pages = {289-311},
          doi = {10.1046/j.1365-8711.2003.06206.x},
archivePrefix = {arXiv},
       eprint = {astro-ph/0206393},
 primaryClass = {astro-ph},
       adsurl = {https://ui.adsabs.harvard.edu/abs/2003MNRAS.339..289S},
      adsnote = {Provided by the SAO/NASA Astrophysics Data System}
}

% star formation implementation
@ARTICLE{2016MNRAS.455.2778F,
       author = {{Feng}, Yu and {Di-Matteo}, Tiziana and {Croft}, Rupert A. and {Bird}, Simeon and {Battaglia}, Nicholas and {Wilkins}, Stephen},
        title = "{The BlueTides simulation: first galaxies and reionization}",
      journal = {\mnras},
     keywords = {Galaxy: formation, dark ages, reionization, first stars, Astrophysics - Cosmology and Nongalactic Astrophysics, Astrophysics - Astrophysics of Galaxies},
         year = 2016,
        month = jan,
       volume = {455},
       number = {3},
        pages = {2778-2791},
          doi = {10.1093/mnras/stv2484},
archivePrefix = {arXiv},
       eprint = {1504.06619},
 primaryClass = {astro-ph.CO},
       adsurl = {https://ui.adsabs.harvard.edu/abs/2016MNRAS.455.2778F},
      adsnote = {Provided by the SAO/NASA Astrophysics Data System}
}

% wind model
@ARTICLE{2010MNRAS.406..208O,
       author = {{Okamoto}, Takashi and {Frenk}, Carlos S. and {Jenkins}, Adrian and {Theuns}, Tom},
        title = "{The properties of satellite galaxies in simulations of galaxy formation}",
      journal = {\mnras},
     keywords = {methods: numerical, galaxies: evolution, galaxies: formation, cosmology: theory, Astrophysics - Cosmology and Nongalactic Astrophysics, Astrophysics - Astrophysics of Galaxies},
         year = 2010,
        month = jul,
       volume = {406},
       number = {1},
        pages = {208-222},
          doi = {10.1111/j.1365-2966.2010.16690.x},
archivePrefix = {arXiv},
       eprint = {0909.0265},
 primaryClass = {astro-ph.CO},
       adsurl = {https://ui.adsabs.harvard.edu/abs/2010MNRAS.406..208O},
      adsnote = {Provided by the SAO/NASA Astrophysics Data System}
}

% volume and page not yet available
% black hole model
@ARTICLE{2022MNRAS.tmp..460N,
       author = {{Ni}, Yueying and {Di Matteo}, Tiziana and {Bird}, Simeon and {Croft}, Rupert and {Feng}, Yu and {Chen}, Nianyi and {Tremmel}, Michael and {DeGraf}, Colin and {Li}, Yin},
        title = "{The ASTRID simulation: the evolution of supermassive black holes}",
      journal = {\mnras},
     keywords = {methods: numerical, quasars:supermassive black holes, galaxies:formation, Astrophysics - Astrophysics of Galaxies},
         year = 2022,
        month = feb,
          doi = {10.1093/mnras/stac351},
archivePrefix = {arXiv},
       eprint = {2110.14154},
 primaryClass = {astro-ph.GA},
       adsurl = {https://ui.adsabs.harvard.edu/abs/2022MNRAS.tmp..460N},
      adsnote = {Provided by the SAO/NASA Astrophysics Data System}
}

% Ming-Feng's MF paper
@ARTICLE{2022MNRAS.509.2551H,
       author = {{Ho}, Ming-Feng and {Bird}, Simeon and {Shelton}, Christian R.},
        title = "{Multifidelity emulation for the matter power spectrum using Gaussian processes}",
      journal = {\mnras},
     keywords = {methods: statistical, cosmology: theory, methods: numerical, Astrophysics - Cosmology and Nongalactic Astrophysics, Astrophysics - Instrumentation and Methods for Astrophysics},
         year = 2022,
        month = jan,
       volume = {509},
       number = {2},
        pages = {2551-2565},
          doi = {10.1093/mnras/stab3114},
archivePrefix = {arXiv},
       eprint = {2105.01081},
 primaryClass = {astro-ph.CO},
       adsurl = {https://ui.adsabs.harvard.edu/abs/2022MNRAS.509.2551H},
      adsnote = {Provided by the SAO/NASA Astrophysics Data System}
}

% Phoebe's HeII reionization model
@ARTICLE{2020MNRAS.496.4372U,
       author = {{Upton Sanderbeck}, Phoebe and {Bird}, Simeon},
        title = "{Inhomogeneous He II reionization in hydrodynamic simulations}",
      journal = {\mnras},
     keywords = {cosmology: theory, quasars: absorption lines, Astrophysics - Cosmology and Nongalactic Astrophysics},
         year = 2020,
        month = aug,
       volume = {496},
       number = {4},
        pages = {4372-4382},
          doi = {10.1093/mnras/staa1850},
archivePrefix = {arXiv},
       eprint = {2002.05733},
 primaryClass = {astro-ph.CO},
       adsurl = {https://ui.adsabs.harvard.edu/abs/2020MNRAS.496.4372U},
      adsnote = {Provided by the SAO/NASA Astrophysics Data System}
}

% Simeon's emulator paper
@ARTICLE{2019JCAP...02..050B,
       author = {{Bird}, Simeon and {Rogers}, Keir K. and {Peiris}, Hiranya V. and {Verde}, Licia and {Font-Ribera}, Andreu and {Pontzen}, Andrew},
        title = "{An emulator for the Lyman-{\ensuremath{\alpha}} forest}",
      journal = {\jcap},
     keywords = {Astrophysics - Cosmology and Nongalactic Astrophysics},
         year = 2019,
        month = feb,
       volume = {2019},
       number = {2},
          eid = {050},
        pages = {050},
          doi = {10.1088/1475-7516/2019/02/050},
archivePrefix = {arXiv},
       eprint = {1812.04654},
 primaryClass = {astro-ph.CO},
       adsurl = {https://ui.adsabs.harvard.edu/abs/2019JCAP...02..050B},
      adsnote = {Provided by the SAO/NASA Astrophysics Data System}
}

% Lya forest emulator for beyond LCDM
@ARTICLE{2021JCAP...05..033P,
       author = {{Pedersen}, Christian and {Font-Ribera}, Andreu and {Rogers}, Keir K. and {McDonald}, Patrick and {Peiris}, Hiranya V. and {Pontzen}, Andrew and {Slosar}, An{\v{z}}e},
        title = "{An emulator for the Lyman-{\ensuremath{\alpha}} forest in beyond-{\ensuremath{\Lambda}}CDM cosmologies}",
      journal = {\jcap},
     keywords = {cosmological parameters from LSS, cosmological simulations, Lyman alpha forest, neutrino masses from cosmology, Astrophysics - Cosmology and Nongalactic Astrophysics},
         year = 2021,
        month = may,
       volume = {2021},
       number = {5},
          eid = {033},
        pages = {033},
          doi = {10.1088/1475-7516/2021/05/033},
archivePrefix = {arXiv},
       eprint = {2011.15127},
 primaryClass = {astro-ph.CO},
       adsurl = {https://ui.adsabs.harvard.edu/abs/2021JCAP...05..033P},
      adsnote = {Provided by the SAO/NASA Astrophysics Data System}
}

% HeIII Bubble size mean and variance
@ARTICLE{2009ApJ...694..842M,
       author = {{McQuinn}, Matthew and {Lidz}, Adam and {Zaldarriaga}, Matias and {Hernquist}, Lars and {Hopkins}, Philip F. and {Dutta}, Suvendra and {Faucher-Gigu{\`e}re}, Claude-Andr{\'e}},
        title = "{He II Reionization and its Effect on the Intergalactic Medium}",
      journal = {\apj},
     keywords = {cosmology: theory, intergalactic medium, Astrophysics},
         year = 2009,
        month = apr,
       volume = {694},
       number = {2},
        pages = {842-866},
          doi = {10.1088/0004-637X/694/2/842},
archivePrefix = {arXiv},
       eprint = {0807.2799},
 primaryClass = {astro-ph},
       adsurl = {https://ui.adsabs.harvard.edu/abs/2009ApJ...694..842M},
      adsnote = {Provided by the SAO/NASA Astrophysics Data System}
}

% TREECOOL file (HI reionization)
@ARTICLE{2020MNRAS.493.1614F,
       author = {{Faucher-Gigu{\`e}re}, Claude-Andr{\'e}},
        title = "{A cosmic UV/X-ray background model update}",
      journal = {\mnras},
     keywords = {galaxies: active, galaxies: formation, intergalactic medium, cosmology: theory, diffuse radiation, Astrophysics - Cosmology and Nongalactic Astrophysics, Astrophysics - Astrophysics of Galaxies},
         year = 2020,
        month = apr,
       volume = {493},
       number = {2},
        pages = {1614-1632},
          doi = {10.1093/mnras/staa302},
archivePrefix = {arXiv},
       eprint = {1903.08657},
 primaryClass = {astro-ph.CO},
       adsurl = {https://ui.adsabs.harvard.edu/abs/2020MNRAS.493.1614F},
      adsnote = {Provided by the SAO/NASA Astrophysics Data System}
}

% CLASS paper
@ARTICLE{2011arXiv1104.2932L,
       author = {{Lesgourgues}, Julien},
        title = "{The Cosmic Linear Anisotropy Solving System (CLASS) I: Overview}",
      journal = {arXiv e-prints},
     keywords = {Astrophysics - Instrumentation and Methods for Astrophysics, Astrophysics - Cosmology and Extragalactic Astrophysics},
         year = 2011,
        month = apr,
          eid = {arXiv:1104.2932},
        pages = {arXiv:1104.2932},
archivePrefix = {arXiv},
       eprint = {1104.2932},
 primaryClass = {astro-ph.IM},
       adsurl = {https://ui.adsabs.harvard.edu/abs/2011arXiv1104.2932L},
      adsnote = {Provided by the SAO/NASA Astrophysics Data System}
}

% Gadget-2 paper 
@ARTICLE{2005MNRAS.364.1105S,
       author = {{Springel}, Volker},
        title = "{The cosmological simulation code GADGET-2}",
      journal = {\mnras},
     keywords = {methods: numerical, galaxies: interactions, dark matter, Astrophysics},
         year = 2005,
        month = dec,
       volume = {364},
       number = {4},
        pages = {1105-1134},
          doi = {10.1111/j.1365-2966.2005.09655.x},
archivePrefix = {arXiv},
       eprint = {astro-ph/0505010},
 primaryClass = {astro-ph},
       adsurl = {https://ui.adsabs.harvard.edu/abs/2005MNRAS.364.1105S},
      adsnote = {Provided by the SAO/NASA Astrophysics Data System}
}

% Simeon's transfer function paper
@ARTICLE{2020JCAP...06..002B,
       author = {{Bird}, Simeon and {Feng}, Yu and {Pedersen}, Christian and {Font-Ribera}, Andreu},
        title = "{More accurate simulations with separate initial conditions for baryons and dark matter}",
      journal = {\jcap},
     keywords = {Astrophysics - Cosmology and Nongalactic Astrophysics},
         year = 2020,
        month = jun,
       volume = {2020},
       number = {6},
          eid = {002},
        pages = {002},
          doi = {10.1088/1475-7516/2020/06/002},
archivePrefix = {arXiv},
       eprint = {2002.00015},
 primaryClass = {astro-ph.CO},
       adsurl = {https://ui.adsabs.harvard.edu/abs/2020JCAP...06..002B},
      adsnote = {Provided by the SAO/NASA Astrophysics Data System}
}

% Martin's transfer function paper
@ARTICLE{2021MNRAS.503.1668F,
       author = {{Fernandez}, M.~A. and {Bird}, Simeon and {Upton Sanderbeck}, Phoebe},
        title = "{Effect of separate initial conditions on the lyman-{\ensuremath{\alpha}} forest in simulations}",
      journal = {\mnras},
     keywords = {software: simulations, methods: numerical, intergalactic medium, quasars: absorption lines, cosmology: theory, Astrophysics - Cosmology and Nongalactic Astrophysics},
         year = 2021,
        month = may,
       volume = {503},
       number = {2},
        pages = {1668-1679},
          doi = {10.1093/mnras/stab555},
archivePrefix = {arXiv},
       eprint = {2009.09119},
 primaryClass = {astro-ph.CO},
       adsurl = {https://ui.adsabs.harvard.edu/abs/2021MNRAS.503.1668F},
      adsnote = {Provided by the SAO/NASA Astrophysics Data System}
}

% Resolution requirements for lyman-a forest
@ARTICLE{2009MNRAS.398L..26B,
       author = {{Bolton}, James S. and {Becker}, George D.},
        title = "{Resolving the high redshift Ly{\ensuremath{\alpha}} forest in smoothed particle hydrodynamics simulations}",
      journal = {\mnras},
     keywords = {methods: numerical, intergalactic medium, quasars: absorption lines, Astrophysics - Cosmology and Nongalactic Astrophysics},
         year = 2009,
        month = sep,
       volume = {398},
       number = {1},
        pages = {L26-L30},
          doi = {10.1111/j.1745-3933.2009.00700.x},
archivePrefix = {arXiv},
       eprint = {0906.2861},
 primaryClass = {astro-ph.CO},
       adsurl = {https://ui.adsabs.harvard.edu/abs/2009MNRAS.398L..26B},
      adsnote = {Provided by the SAO/NASA Astrophysics Data System}
}

% fake_spectra code
@MISC{2017ascl.soft10012B,
       author = {{Bird}, Simeon},
        title = "{FSFE: Fake Spectra Flux Extractor}",
     keywords = {Software},
         year = 2017,
        month = oct,
          eid = {ascl:1710.012},
        pages = {ascl:1710.012},
archivePrefix = {ascl},
       eprint = {1710.012},
       adsurl = {https://ui.adsabs.harvard.edu/abs/2017ascl.soft10012B},
      adsnote = {Provided by the SAO/NASA Astrophysics Data System}
}

% description of fake_spectra
@ARTICLE{2015MNRAS.447.1834B,
       author = {{Bird}, Simeon and {Haehnelt}, Martin and {Neeleman}, Marcel and
         {Genel}, Shy and {Vogelsberger}, Mark and {Hernquist}, Lars},
        title = "{Reproducing the kinematics of damped Lyman {\ensuremath{\alpha}} systems}",
      journal = {\mnras},
     keywords = {galaxies: formation, intergalactic medium, cosmology: theory, Astrophysics - Astrophysics of Galaxies, Astrophysics - Cosmology and Nongalactic Astrophysics},
         year = 2015,
        month = feb,
       volume = {447},
       number = {2},
        pages = {1834-1846},
          doi = {10.1093/mnras/stu2542},
archivePrefix = {arXiv},
       eprint = {1407.7858},
 primaryClass = {astro-ph.GA},
       adsurl = {https://ui.adsabs.harvard.edu/abs/2015MNRAS.447.1834B},
      adsnote = {Provided by the SAO/NASA Astrophysics Data System}
}
