% \newcommand{\mnras}{{\em Mon. Not. Roy. Astron. Soc. }}
% \newcommand{\apjl}{{\em Astrophys. J. Let. }}
% \newcommand{\araa}{{\em Ann. Rev. Astron. \& Astrophys.}}
% \newcommand{\apjs}{ApJS}
% \newcommand{\jcap}{JCAP}
% \newcommand{\physrep}{{\em Phys. Rept. }}
% \newcommand{\aap}{{\em Astron. Astrophys. }}
% \newcommand{\aj}{AJ }
% \newcommand{\apj}{ApJ}
% \newcommand{\pasp}{PASP}
% \newcommand{\pasj}{PASJ}
% \def\prd{{\em Phys. Rev. }{\bf D }}
% \def\prl{{\em Phys. Rev. }{\bf L }}

% DESI CNN DLA finder
@ARTICLE{2022arXiv220100827W,
       author = {{Wang}, Ben and {Zou}, Jiaqi and {Cai}, Zheng and {Prochaska}, J. Xavier and {Sun}, Zechang and {Ding}, Jiani and {Font-Ribera}, Andreu and {Gonzalez}, Alma and {Herrera-Alcantar}, Hiram K. and {Irsic}, Vid and {Lin}, Xiaojing and {Brooks}, David and {Chabanier}, Sol{\'e}ne and {de Belsunce}, Roger and {Palanque-Delabrouille}, Nathalie and {Tarle}, Gregory and {Zhou}, Zhimin},
        title = "{Deep Learning of Dark Energy Spectroscopic Instrument Mock Spectra to Find Damped Ly{\ensuremath{\alpha}} Systems}",
      journal = {\apjs},
     keywords = {Quasar absorption line spectroscopy, Surveys, Astronomy data analysis, 1317, 1671, 1858},
         year = 2022,
        month = mar,
       volume = {259},
       number = {1},
          eid = {28},
        pages = {28},
          doi = {10.3847/1538-4365/ac4504},
       adsurl = {https://ui.adsabs.harvard.edu/abs/2022ApJS..259...28W},
      adsnote = {Provided by the SAO/NASA Astrophysics Data System}
}

% Lya NN paper
@ARTICLE{2023MNRAS.tmp.2406C,
       author = {{Cabayol-Garcia}, L. and {Chaves-Montero}, J. and {Font-Ribera}, A. and {Pedersen}, C.},
        title = "{A neural network emulator for the Lyman-{\ensuremath{\alpha}} forest 1D flux power spectrum}",
      journal = {\mnras},
     keywords = {quasars: absorption lines, cosmology: large-scale structure of Universe, methods: statistical, Astrophysics - Cosmology and Nongalactic Astrophysics, Astrophysics - Astrophysics of Galaxies},
         year = 2023,
        month = aug,
          doi = {10.1093/mnras/stad2512},
archivePrefix = {arXiv},
       eprint = {2305.19064},
 primaryClass = {astro-ph.CO},
       adsurl = {https://ui.adsabs.harvard.edu/abs/2023MNRAS.tmp.2406C},
      adsnote = {Provided by the SAO/NASA Astrophysics Data System}
}



% Martin paper, MF Lya emulator
@ARTICLE{2022MNRAS.517.3200F,
       author = {{Fernandez}, M.~A. and {Ho}, Ming-Feng and {Bird}, Simeon},
        title = "{A multifidelity emulator for the Lyman-{\ensuremath{\alpha}} forest flux power spectrum}",
      journal = {MNRAS},
     keywords = {methods: numerical, methods: statistical, cosmology: theory, Astrophysics - Cosmology and Nongalactic Astrophysics},
         year = 2022,
        month = dec,
       volume = {517},
       number = {3},
        pages = {3200-3211},
          doi = {10.1093/mnras/stac2435},
archivePrefix = {arXiv},
       eprint = {2207.06445},
 primaryClass = {astro-ph.CO},
       adsurl = {https://ui.adsabs.harvard.edu/abs/2022MNRAS.517.3200F},
      adsnote = {Provided by the SAO/NASA Astrophysics Data System}
}

% Simulation suite paper
@ARTICLE{2023simsuite,
       author = {{Bird}, Simeon and {Fernandez}, Martin and {Ho}, Ming-Feng and {Qezlou}, Mahdi and {Monadi}, Reza and {Ni}, Yueying and {Chen}, Nianyi and {Croft}, Rupert and {Di Matteo}, Tiziana},
        title = "{PRIYA: a new suite of Lyman-{\ensuremath{\alpha}} forest simulations for cosmology}",
      journal = {\jcap},
     keywords = {cosmological simulations, intergalactic media, Lyman alpha forest, Astrophysics - Cosmology and Nongalactic Astrophysics, Astrophysics - Astrophysics of Galaxies},
         year = 2023,
        month = oct,
       volume = {2023},
       number = {10},
          eid = {037},
        pages = {037},
          doi = {10.1088/1475-7516/2023/10/037},
archivePrefix = {arXiv},
       eprint = {2306.05471},
 primaryClass = {astro-ph.CO},
       adsurl = {https://ui.adsabs.harvard.edu/abs/2023JCAP...10..037B},
      adsnote = {Provided by the SAO/NASA Astrophysics Data System}
}

% SDSS flux power
@ARTICLE{2019JCAP...07..017C,
       author = {{Chabanier}, Sol{\`e}ne and {Palanque-Delabrouille}, Nathalie and {Y{\`e}che}, Christophe and {Le Goff}, Jean-Marc and {Armengaud}, Eric and {Bautista}, Julian and {Blomqvist}, Michael and {Busca}, Nicolas and {Dawson}, Kyle and {Etourneau}, Thomas and {Font-Ribera}, Andreu and {Lee}, Youngbae and {du Mas des Bourboux}, H{\'e}lion and {Pieri}, Matthew and {Rich}, James and {Rossi}, Graziano and {Schneider}, Donald and {Slosar}, An{\v{z}}e},
        title = "{The one-dimensional power spectrum from the SDSS DR14 Ly{\ensuremath{\alpha}} forests}",
      journal = {JCAP},
     keywords = {Astrophysics - Cosmology and Nongalactic Astrophysics},
         year = 2019,
        month = jul,
       volume = {2019},
       number = {7},
          eid = {017},
        pages = {017},
          doi = {10.1088/1475-7516/2019/07/017},
archivePrefix = {arXiv},
       eprint = {1812.03554},
 primaryClass = {astro-ph.CO},
       adsurl = {https://ui.adsabs.harvard.edu/abs/2019JCAP...07..017C},
      adsnote = {Provided by the SAO/NASA Astrophysics Data System}
}

% DLA model
@ARTICLE{2018MNRAS.474.3032R,
       author = {{Rogers}, Keir K. and {Bird}, Simeon and {Peiris}, Hiranya V. and {Pontzen}, Andrew and {Font-Ribera}, Andreu and {Leistedt}, Boris},
        title = "{Simulating the effect of high column density absorbers on the one-dimensional Lyman {\ensuremath{\alpha}} forest flux power spectrum}",
      journal = {MNRAS},
     keywords = {large-scale structure of universe, cosmology: theory, Astrophysics - Cosmology and Nongalactic Astrophysics},
         year = 2018,
        month = mar,
       volume = {474},
       number = {3},
        pages = {3032-3042},
          doi = {10.1093/mnras/stx2942},
archivePrefix = {arXiv},
       eprint = {1706.08532},
 primaryClass = {astro-ph.CO},
       adsurl = {https://ui.adsabs.harvard.edu/abs/2018MNRAS.474.3032R},
      adsnote = {Provided by the SAO/NASA Astrophysics Data System}
}

% HeIII Bubble size mean and variance
@ARTICLE{2009ApJ...694..842M,
       author = {{McQuinn}, Matthew and {Lidz}, Adam and {Zaldarriaga}, Matias and {Hernquist}, Lars and {Hopkins}, Philip F. and {Dutta}, Suvendra and {Faucher-Gigu{\`e}re}, Claude-Andr{\'e}},
        title = "{He II Reionization and its Effect on the Intergalactic Medium}",
      journal = {ApJ},
     keywords = {cosmology: theory, intergalactic medium, Astrophysics},
         year = 2009,
        month = apr,
       volume = {694},
       number = {2},
        pages = {842-866},
          doi = {10.1088/0004-637X/694/2/842},
archivePrefix = {arXiv},
       eprint = {0807.2799},
 primaryClass = {astro-ph},
       adsurl = {https://ui.adsabs.harvard.edu/abs/2009ApJ...694..842M},
      adsnote = {Provided by the SAO/NASA Astrophysics Data System}
}

@ARTICLE{2022AJ....164..207A,
       author = {{Abareshi}, B. and {Aguilar}, J. and {Ahlen}, S. and {Alam}, Shadab and {Alexander}, David M. and {Alfarsy}, R. and {Allen}, L. and {Allende Prieto}, C. and {Alves}, O. and {Ameel}, J. and {Armengaud}, E. and {Asorey}, J. and {Aviles}, Alejandro and {Bailey}, S. and {Balaguera-Antol{\'\i}nez}, A. and {Ballester}, O. and {Baltay}, C. and {Bault}, A. and {Beltran}, S.~F. and {Benavides}, B. and {BenZvi}, S. and {Berti}, A. and {Besuner}, R. and {Beutler}, Florian and {Bianchi}, D. and {Blake}, C. and {Blanc}, P. and {Blum}, R. and {Bolton}, A. and {Bose}, S. and {Bramall}, D. and {Brieden}, S. and {Brodzeller}, A. and {Brooks}, D. and {Brownewell}, C. and {Buckley-Geer}, E. and {Cahn}, R.~N. and {Cai}, Z. and {Canning}, R. and {Capasso}, R. and {Carnero Rosell}, A. and {Carton}, P. and {Casas}, R. and {Castander}, F.~J. and {Cervantes-Cota}, J.~L. and {Chabanier}, S. and {Chaussidon}, E. and {Chuang}, C. and {Circosta}, C. and {Cole}, S. and {Cooper}, A.~P. and {da Costa}, L. and {Cousinou}, M. -C. and {Cuceu}, A. and {Davis}, T.~M. and {Dawson}, K. and {de la Cruz-Noriega}, R. and {de la Macorra}, A. and {de Mattia}, A. and {Della Costa}, J. and {Demmer}, P. and {Derwent}, M. and {Dey}, A. and {Dey}, B. and {Dhungana}, G. and {Ding}, Z. and {Dobson}, C. and {Doel}, P. and {Donald-McCann}, J. and {Donaldson}, J. and {Douglass}, K. and {Duan}, Y. and {Dunlop}, P. and {Edelstein}, J. and {Eftekharzadeh}, S. and {Eisenstein}, D.~J. and {Enriquez-Vargas}, M. and {Escoffier}, S. and {Evatt}, M. and {Fagrelius}, P. and {Fan}, X. and {Fanning}, K. and {Fawcett}, V.~A. and {Ferraro}, S. and {Ereza}, J. and {Flaugher}, B. and {Font-Ribera}, A. and {Forero-Romero}, J.~E. and {Frenk}, C.~S. and {Fromenteau}, S. and {G{\"a}nsicke}, B.~T. and {Garcia-Quintero}, C. and {Garrison}, L. and {Gazta{\~n}aga}, E. and {Gerardi}, F. and {Gil-Mar{\'\i}n}, H. and {Gontcho}, S. Gontcho A. and {Gonzalez-Morales}, Alma X. and {Gonzalez-de-Rivera}, G. and {Gonzalez-Perez}, V. and {Gordon}, C. and {Graur}, O. and {Green}, D. and {Grove}, C. and {Gruen}, D. and {Gutierrez}, G. and {Guy}, J. and {Hahn}, C. and {Harris}, S. and {Herrera}, D. and {Herrera-Alcantar}, Hiram K. and {Honscheid}, K. and {Howlett}, C. and {Huterer}, D. and {Ir{\v{s}}i{\v{c}}}, V. and {Ishak}, M. and {Jelinsky}, P. and {Jiang}, L. and {Jimenez}, J. and {Jing}, Y.~P. and {Joyce}, R. and {Jullo}, E. and {Juneau}, S. and {Kara{\c{c}}ayl{\i}}, N.~G. and {Karamanis}, M. and {Karcher}, A. and {Karim}, T. and {Kehoe}, R. and {Kent}, S. and {Kirkby}, D. and {Kisner}, T. and {Kitaura}, F. and {Koposov}, S.~E. and {Kov{\'a}cs}, A. and {Kremin}, A. and {Krolewski}, Alex and {L'Huillier}, B. and {Lahav}, O. and {Lambert}, A. and {Lamman}, C. and {Lan}, Ting-Wen and {Landriau}, M. and {Lane}, S. and {Lang}, D. and {Lange}, J.~U. and {Lasker}, J. and {Guillou}, L. Le and {Leauthaud}, A. and {Le Van Suu}, A. and {Levi}, Michael E. and {Li}, T.~S. and {Magneville}, C. and {Manera}, M. and {Manser}, Christopher J. and {Marshall}, B. and {Martini}, Paul and {McCollam}, W. and {McDonald}, P. and {Meisner}, Aaron M. and {Mena-Fern{\'a}ndez}, J. and {Meneses-Rizo}, J. and {Mezcua}, M. and {Miller}, T. and {Miquel}, R. and {Montero-Camacho}, P. and {Moon}, J. and {Moustakas}, J. and {Mueller}, E. and {Mu{\~n}oz-Guti{\'e}rrez}, Andrea and {Myers}, Adam D. and {Nadathur}, S. and {Najita}, J. and {Napolitano}, L. and {Neilsen}, E. and {Newman}, Jeffrey A. and {Nie}, J.~D. and {Ning}, Y. and {Niz}, G. and {Norberg}, P. and {Noriega}, Hern{\'a}n E. and {O'Brien}, T. and {Obuljen}, A. and {Palanque-Delabrouille}, N. and {Palmese}, A. and {Zhiwei}, P. and {Pappalardo}, D. and {Peng}, X. and {Percival}, W.~J. and {Perruchot}, S. and {Pogge}, R. and {Poppett}, C. and {Porredon}, A. and {Prada}, F. and {Prochaska}, J. and {Pucha}, R. and {P{\'e}rez-Fern{\'a}ndez}, A. and {P{\'e}rez-R{\`a}fols}, I. and {Rabinowitz}, D. and {Raichoor}, A. and {Ramirez-Solano}, S. and {Ram{\'\i}rez-P{\'e}rez}, C{\'e}sar and {Ravoux}, C. and {Reil}, K. and {Rezaie}, M. and {Rocher}, A. and {Rockosi}, C. and {Roe}, N.~A. and {Roodman}, A. and {Ross}, A.~J. and {Rossi}, G. and {Ruggeri}, R. and {Ruhlmann-Kleider}, V. and {Sabiu}, C.~G. and {Safonova}, S. and {Said}, K. and {Saintonge}, A. and {Catonga}, Javier Salas and {Samushia}, L. and {Sanchez}, E. and {Saulder}, C. and {Schaan}, E. and {Schlafly}, E. and {Schlegel}, D. and {Schmoll}, J. and {Scholte}, D. and {Schubnell}, M. and {Secroun}, A. and {Seo}, H. and {Serrano}, S. and {Sharples}, Ray M. and {Sholl}, Michael J. and {Silber}, Joseph Harry and {Silva}, D.~R. and {Sirk}, M. and {Siudek}, M. and {Smith}, A. and {Sprayberry}, D. and {Staten}, R. and {Stupak}, B. and {Tan}, T. and {Tarl{\'e}}, Gregory and {Tie}, Suk Sien and {Tojeiro}, R. and {Ure{\~n}a-L{\'o}pez}, L.~A. and {Valdes}, F. and {Valenzuela}, O. and {Valluri}, M. and {Vargas-Maga{\~n}a}, M. and {Verde}, L. and {Walther}, M. and {Wang}, B. and {Wang}, M.~S. and {Weaver}, B.~A. and {Weaverdyck}, C. and {Wechsler}, R. and {Wilson}, Michael J. and {Yang}, J. and {Yu}, Y. and {Yuan}, S. and {Y{\`e}che}, Christophe and {Zhang}, H. and {Zhang}, K. and {Zhao}, Cheng and {Zhou}, Rongpu and {Zhou}, Zhimin and {Zou}, H. and {Zou}, J. and {Zou}, S. and {Zu}, Y.},
        title = "{Overview of the Instrumentation for the Dark Energy Spectroscopic Instrument}",
      journal = {AJ},
     keywords = {Dark energy, Spectroscopy, Astronomical instrumentation, Spectrometers, Optical telescopes, 351, 1558, 799, 1554, 1174, Astrophysics - Instrumentation and Methods for Astrophysics, Astrophysics - Cosmology and Nongalactic Astrophysics},
         year = 2022,
        month = nov,
       volume = {164},
       number = {5},
          eid = {207},
        pages = {207},
          doi = {10.3847/1538-3881/ac882b},
archivePrefix = {arXiv},
       eprint = {2205.10939},
 primaryClass = {astro-ph.IM},
       adsurl = {https://ui.adsabs.harvard.edu/abs/2022AJ....164..207A},
      adsnote = {Provided by the SAO/NASA Astrophysics Data System}
}

@ARTICLE{2022JHEAp..34...49A,
       author = {{Abdalla}, Elcio and {Abell{\'a}n}, Guillermo Franco and {Aboubrahim}, Amin and {Agnello}, Adriano and {Akarsu}, {\"O}zg{\"u}r and {Akrami}, Yashar and {Alestas}, George and {Aloni}, Daniel and {Amendola}, Luca and {Anchordoqui}, Luis A. and {Anderson}, Richard I. and {Arendse}, Nikki and {Asgari}, Marika and {Ballardini}, Mario and {Barger}, Vernon and {Basilakos}, Spyros and {Batista}, Ronaldo C. and {Battistelli}, Elia S. and {Battye}, Richard and {Benetti}, Micol and {Benisty}, David and {Berlin}, Asher and {de Bernardis}, Paolo and {Berti}, Emanuele and {Bidenko}, Bohdan and {Birrer}, Simon and {Blakeslee}, John P. and {Boddy}, Kimberly K. and {Bom}, Clecio R. and {Bonilla}, Alexander and {Borghi}, Nicola and {Bouchet}, Fran{\c{c}}ois R. and {Braglia}, Matteo and {Buchert}, Thomas and {Buckley-Geer}, Elizabeth and {Calabrese}, Erminia and {Caldwell}, Robert R. and {Camarena}, David and {Capozziello}, Salvatore and {Casertano}, Stefano and {Chen}, Geoff C. -F. and {Chluba}, Jens and {Chen}, Angela and {Chen}, Hsin-Yu and {Chudaykin}, Anton and {Cicoli}, Michele and {Copi}, Craig J. and {Courbin}, Fred and {Cyr-Racine}, Francis-Yan and {Czerny}, Bo{\.z}ena and {Dainotti}, Maria and {D'Amico}, Guido and {Davis}, Anne-Christine and {de Cruz P{\'e}rez}, Javier and {de Haro}, Jaume and {Delabrouille}, Jacques and {Denton}, Peter B. and {Dhawan}, Suhail and {Dienes}, Keith R. and {Di Valentino}, Eleonora and {Du}, Pu and {Eckert}, Dominique and {Escamilla-Rivera}, Celia and {Fert{\'e}}, Agn{\`e}s and {Finelli}, Fabio and {Fosalba}, Pablo and {Freedman}, Wendy L. and {Frusciante}, Noemi and {Gazta{\~n}aga}, Enrique and {Giar{\`e}}, William and {Giusarma}, Elena and {G{\'o}mez-Valent}, Adri{\`a} and {Handley}, Will and {Harrison}, Ian and {Hart}, Luke and {Hazra}, Dhiraj Kumar and {Heavens}, Alan and {Heinesen}, Asta and {Hildebrandt}, Hendrik and {Hill}, J. Colin and {Hogg}, Natalie B. and {Holz}, Daniel E. and {Hooper}, Deanna C. and {Hosseininejad}, Nikoo and {Huterer}, Dragan and {Ishak}, Mustapha and {Ivanov}, Mikhail M. and {Jaffe}, Andrew H. and {Jang}, In Sung and {Jedamzik}, Karsten and {Jimenez}, Raul and {Joseph}, Melissa and {Joudaki}, Shahab and {Kamionkowski}, Marc and {Karwal}, Tanvi and {Kazantzidis}, Lavrentios and {Keeley}, Ryan E. and {Klasen}, Michael and {Komatsu}, Eiichiro and {Koopmans}, L{\'e}on V.~E. and {Kumar}, Suresh and {Lamagna}, Luca and {Lazkoz}, Ruth and {Lee}, Chung-Chi and {Lesgourgues}, Julien and {Levi Said}, Jackson and {Lewis}, Tiffany R. and {L'Huillier}, Benjamin and {Lucca}, Matteo and {Maartens}, Roy and {Macri}, Lucas M. and {Marfatia}, Danny and {Marra}, Valerio and {Martins}, Carlos J.~A.~P. and {Masi}, Silvia and {Matarrese}, Sabino and {Mazumdar}, Arindam and {Melchiorri}, Alessandro and {Mena}, Olga and {Mersini-Houghton}, Laura and {Mertens}, James and {Milakovi{\'c}}, Dinko and {Minami}, Yuto and {Miranda}, Vivian and {Moreno-Pulido}, Cristian and {Moresco}, Michele and {Mota}, David F. and {Mottola}, Emil and {Mozzon}, Simone and {Muir}, Jessica and {Mukherjee}, Ankan and {Mukherjee}, Suvodip and {Naselsky}, Pavel and {Nath}, Pran and {Nesseris}, Savvas and {Niedermann}, Florian and {Notari}, Alessio and {Nunes}, Rafael C. and {{\'O} Colg{\'a}in}, Eoin and {Owens}, Kayla A. and {{\"O}z{\"u}lker}, Emre and {Pace}, Francesco and {Paliathanasis}, Andronikos and {Palmese}, Antonella and {Pan}, Supriya and {Paoletti}, Daniela and {Perez Bergliaffa}, Santiago E. and {Perivolaropoulos}, Leandros and {Pesce}, Dominic W. and {Pettorino}, Valeria and {Philcox}, Oliver H.~E. and {Pogosian}, Levon and {Poulin}, Vivian and {Poulot}, Gaspard and {Raveri}, Marco and {Reid}, Mark J. and {Renzi}, Fabrizio and {Riess}, Adam G. and {Sabla}, Vivian I. and {Salucci}, Paolo and {Salzano}, Vincenzo and {Saridakis}, Emmanuel N. and {Sathyaprakash}, Bangalore S. and {Schmaltz}, Martin and {Sch{\"o}neberg}, Nils and {Scolnic}, Dan and {Sen}, Anjan A. and {Sehgal}, Neelima and {Shafieloo}, Arman and {Sheikh-Jabbari}, M.~M. and {Silk}, Joseph and {Silvestri}, Alessandra and {Skara}, Foteini and {Sloth}, Martin S. and {Soares-Santos}, Marcelle and {Sol{\`a} Peracaula}, Joan and {Songsheng}, Yu-Yang and {Soriano}, Jorge F. and {Staicova}, Denitsa and {Starkman}, Glenn D. and {Szapudi}, Istv{\'a}n and {Teixeira}, Elsa M. and {Thomas}, Brooks and {Treu}, Tommaso and {Trott}, Emery and {van de Bruck}, Carsten and {Vazquez}, J. Alberto and {Verde}, Licia and {Visinelli}, Luca and {Wang}, Deng and {Wang}, Jian-Min and {Wang}, Shao-Jiang and {Watkins}, Richard and {Watson}, Scott and {Webb}, John K. and {Weiner}, Neal and {Weltman}, Amanda and {Witte}, Samuel J. and {Wojtak}, Rados{\l}aw and {Yadav}, Anil Kumar and {Yang}, Weiqiang and {Zhao}, Gong-Bo and {Zumalac{\'a}rregui}, Miguel},
        title = "{Cosmology intertwined: A review of the particle physics, astrophysics, and cosmology associated with the cosmological tensions and anomalies}",
      journal = {Journal of High Energy Astrophysics},
     keywords = {Astrophysics - Cosmology and Nongalactic Astrophysics, High Energy Physics - Phenomenology},
         year = 2022,
        month = jun,
       volume = {34},
        pages = {49-211},
          doi = {10.1016/j.jheap.2022.04.002},
archivePrefix = {arXiv},
       eprint = {2203.06142},
 primaryClass = {astro-ph.CO},
       adsurl = {https://ui.adsabs.harvard.edu/abs/2022JHEAp..34...49A},
      adsnote = {Provided by the SAO/NASA Astrophysics Data System}
}

% Cobaya paper
@ARTICLE{2021JCAP...05..057T,
       author = {{Torrado}, Jes{\'u}s and {Lewis}, Antony},
        title = "{Cobaya: code for Bayesian analysis of hierarchical physical models}",
      journal = {JCAP},
     keywords = {cosmological parameters from CMBR, cosmological parameters from LSS, Astrophysics - Instrumentation and Methods for Astrophysics, Astrophysics - Cosmology and Nongalactic Astrophysics},
         year = 2021,
        month = may,
       volume = {2021},
       number = {5},
          eid = {057},
        pages = {057},
          doi = {10.1088/1475-7516/2021/05/057},
archivePrefix = {arXiv},
       eprint = {2005.05290},
 primaryClass = {astro-ph.IM},
       adsurl = {https://ui.adsabs.harvard.edu/abs/2021JCAP...05..057T},
      adsnote = {Provided by the SAO/NASA Astrophysics Data System}
}

% Cobaya code
@MISC{2019ascl.soft10019T,
       author = {{Torrado}, Jes{\'u}s and {Lewis}, Antony},
        title = "{Cobaya: Bayesian analysis in cosmology}",
     keywords = {Software},
 howpublished = {Astrophysics Source Code Library, record ascl:1910.019},
         year = 2019,
        month = oct,
          eid = {ascl:1910.019},
        pages = {ascl:1910.019},
archivePrefix = {ascl},
       eprint = {1910.019},
       adsurl = {https://ui.adsabs.harvard.edu/abs/2019ascl.soft10019T},
      adsnote = {Provided by the SAO/NASA Astrophysics Data System}
}

% TREECOOL file
@ARTICLE{2020MNRAS.493.1614F,
       author = {{Faucher-Gigu{\`e}re}, Claude-Andr{\'e}},
        title = "{A cosmic UV/X-ray background model update}",
      journal = {MNRAS},
     keywords = {galaxies: active, galaxies: formation, intergalactic medium, cosmology: theory, diffuse radiation, Astrophysics - Cosmology and Nongalactic Astrophysics, Astrophysics - Astrophysics of Galaxies},
         year = 2020,
        month = apr,
       volume = {493},
       number = {2},
        pages = {1614-1632},
          doi = {10.1093/mnras/staa302},
archivePrefix = {arXiv},
       eprint = {1903.08657},
 primaryClass = {astro-ph.CO},
       adsurl = {https://ui.adsabs.harvard.edu/abs/2020MNRAS.493.1614F},
      adsnote = {Provided by the SAO/NASA Astrophysics Data System}
}

% HeII reionization model
@ARTICLE{2020MNRAS.496.4372U,
       author = {{Upton Sanderbeck}, Phoebe and {Bird}, Simeon},
        title = "{Inhomogeneous He II reionization in hydrodynamic simulations}",
      journal = {MNRAS},
     keywords = {cosmology: theory, quasars: absorption lines, Astrophysics - Cosmology and Nongalactic Astrophysics},
         year = 2020,
        month = aug,
       volume = {496},
       number = {4},
        pages = {4372-4382},
          doi = {10.1093/mnras/staa1850},
archivePrefix = {arXiv},
       eprint = {2002.05733},
 primaryClass = {astro-ph.CO},
       adsurl = {https://ui.adsabs.harvard.edu/abs/2020MNRAS.496.4372U},
      adsnote = {Provided by the SAO/NASA Astrophysics Data System}
}

% Similar use of simulations and flux power (using a grid of simulations, no emulator) and splicing technique to gain resolution
@ARTICLE{2014JCAP...07..005B,
       author = {{Borde}, Arnaud and {Palanque-Delabrouille}, Nathalie and {Rossi}, Graziano and {Viel}, Matteo and {Bolton}, James S. and {Y{\`e}che}, Christophe and {LeGoff}, Jean-Marc and {Rich}, Jim},
        title = "{New approach for precise computation of Lyman-{\ensuremath{\alpha}} forest power spectrum with hydrodynamical simulations}",
      journal = {JCAP},
     keywords = {Astrophysics - Cosmology and Nongalactic Astrophysics},
         year = 2014,
        month = jul,
       volume = {2014},
       number = {7},
          eid = {005},
        pages = {005},
          doi = {10.1088/1475-7516/2014/07/005},
archivePrefix = {arXiv},
       eprint = {1401.6472},
 primaryClass = {astro-ph.CO},
       adsurl = {https://ui.adsabs.harvard.edu/abs/2014JCAP...07..005B},
      adsnote = {Provided by the SAO/NASA Astrophysics Data System}
}

% T0 CNN
@ARTICLE{2022arXiv220813787C,
       author = {{Chen}, Huanqing and {Croft}, Rupert and {Gnedin}, Nickolay Y.},
        title = "{Reconstructing Large-scale Temperature Profiles around $z\sim 6$ Quasars}",
      journal = {arXiv e-prints},
     keywords = {Astrophysics - Cosmology and Nongalactic Astrophysics, Astrophysics - Astrophysics of Galaxies},
         year = 2022,
        month = aug,
          eid = {arXiv:2208.13787},
        pages = {arXiv:2208.13787},
archivePrefix = {arXiv},
       eprint = {2208.13787},
 primaryClass = {astro-ph.CO},
       adsurl = {https://ui.adsabs.harvard.edu/abs/2022arXiv220813787C},
      adsnote = {Provided by the SAO/NASA Astrophysics Data System}
}

@ARTICLE{Rogers:2021a,
       author = {{Rogers}, Keir K. and {Peiris}, Hiranya V.},
        title = "{General framework for cosmological dark matter bounds using N -body simulations}",
      journal = {Phys. Rev. D},
     keywords = {Astrophysics - Cosmology and Nongalactic Astrophysics},
         year = 2021,
        month = feb,
       volume = {103},
       number = {4},
          eid = {043526},
        pages = {043526},
          doi = {10.1103/PhysRevD.103.043526},
archivePrefix = {arXiv},
       eprint = {2007.13751},
 primaryClass = {astro-ph.CO},
       adsurl = {https://ui.adsabs.harvard.edu/abs/2021PhRvD.103d3526R},
      adsnote = {Provided by the SAO/NASA Astrophysics Data System}
}

@ARTICLE{Rogers:2019,
       author = {{Rogers}, Keir K. and {Peiris}, Hiranya V. and {Pontzen}, Andrew and
         {Bird}, Simeon and {Verde}, Licia and {Font-Ribera}, Andreu},
        title = "{Bayesian emulator optimisation for cosmology: application to the Lyman-alpha forest}",
      journal = {JCAP},
     keywords = {Astrophysics - Cosmology and Nongalactic Astrophysics},
         year = 2019,
        month = feb,
       volume = {2019},
       number = {2},
          eid = {031},
        pages = {031},
          doi = {10.1088/1475-7516/2019/02/031},
archivePrefix = {arXiv},
       eprint = {1812.04631},
 primaryClass = {astro-ph.CO},
       adsurl = {https://ui.adsabs.harvard.edu/abs/2019JCAP...02..031R},
      adsnote = {Provided by the SAO/NASA Astrophysics Data System}
}

@ARTICLE{Arico:2021,
       author = {{Aric{\`o}}, Giovanni and {Angulo}, Raul E. and {Contreras}, Sergio and {Ondaro-Mallea}, Lurdes and {Pellejero-Iba{\~n}ez}, Marcos and {Zennaro}, Matteo},
        title = "{The BACCO simulation project: a baryonification emulator with neural networks}",
      journal = {MNRAS},
     keywords = {methods: numerical, cosmological parameters, large-scale structure of Universe, Astrophysics - Cosmology and Nongalactic Astrophysics, Astrophysics - Astrophysics of Galaxies},
         year = 2021,
        month = sep,
       volume = {506},
       number = {3},
        pages = {4070-4082},
          doi = {10.1093/mnras/stab1911},
archivePrefix = {arXiv},
       eprint = {2011.15018},
 primaryClass = {astro-ph.CO},
       adsurl = {https://ui.adsabs.harvard.edu/abs/2021MNRAS.506.4070A},
      adsnote = {Provided by the SAO/NASA Astrophysics Data System}
}

@ARTICLE{Euclid:2021,
       author = {{Euclid Collaboration} and {Knabenhans}, M. and {Stadel}, J. and {Potter}, D. and {Dakin}, J. and {Hannestad}, S. and {Tram}, T. and {Marelli}, S. and {Schneider}, A. and {Teyssier}, R. and {Fosalba}, P. and {Andreon}, S. and {Auricchio}, N. and {Baccigalupi}, C. and {Balaguera-Antol{\'\i}nez}, A. and {Baldi}, M. and {Bardelli}, S. and {Battaglia}, P. and {Bender}, R. and {Biviano}, A. and {Bodendorf}, C. and {Bozzo}, E. and {Branchini}, E. and {Brescia}, M. and {Burigana}, C. and {Cabanac}, R. and {Camera}, S. and {Capobianco}, V. and {Cappi}, A. and {Carbone}, C. and {Carretero}, J. and {Carvalho}, C.~S. and {Casas}, R. and {Casas}, S. and {Castellano}, M. and {Castignani}, G. and {Cavuoti}, S. and {Cledassou}, R. and {Colodro-Conde}, C. and {Congedo}, G. and {Conselice}, C.~J. and {Conversi}, L. and {Copin}, Y. and {Corcione}, L. and {Coupon}, J. and {Courtois}, H.~M. and {Da Silva}, A. and {de la Torre}, S. and {Di Ferdinando}, D. and {Duncan}, C.~A.~J. and {Dupac}, X. and {Fabbian}, G. and {Farrens}, S. and {Ferreira}, P.~G. and {Finelli}, F. and {Frailis}, M. and {Franceschi}, E. and {Galeotta}, S. and {Garilli}, B. and {Giocoli}, C. and {Gozaliasl}, G. and {Graci{\'a}-Carpio}, J. and {Grupp}, F. and {Guzzo}, L. and {Holmes}, W. and {Hormuth}, F. and {Israel}, H. and {Jahnke}, K. and {Keihanen}, E. and {Kermiche}, S. and {Kirkpatrick}, C.~C. and {Kubik}, B. and {Kunz}, M. and {Kurki-Suonio}, H. and {Ligori}, S. and {Lilje}, P.~B. and {Lloro}, I. and {Maino}, D. and {Marggraf}, O. and {Markovic}, K. and {Martinet}, N. and {Marulli}, F. and {Massey}, R. and {Mauri}, N. and {Maurogordato}, S. and {Medinaceli}, E. and {Meneghetti}, M. and {Metcalf}, B. and {Meylan}, G. and {Moresco}, M. and {Morin}, B. and {Moscardini}, L. and {Munari}, E. and {Neissner}, C. and {Niemi}, S.~M. and {Padilla}, C. and {Paltani}, S. and {Pasian}, F. and {Patrizii}, L. and {Pettorino}, V. and {Pires}, S. and {Polenta}, G. and {Poncet}, M. and {Raison}, F. and {Renzi}, A. and {Rhodes}, J. and {Riccio}, G. and {Romelli}, E. and {Roncarelli}, M. and {Saglia}, R. and {S{\'a}nchez}, A.~G. and {Sapone}, D. and {Schneider}, P. and {Scottez}, V. and {Secroun}, A. and {Serrano}, S. and {Sirignano}, C. and {Sirri}, G. and {Stanco}, L. and {Sureau}, F. and {Tallada Cresp{\'\i}}, P. and {Taylor}, A.~N. and {Tenti}, M. and {Tereno}, I. and {Toledo-Moreo}, R. and {Torradeflot}, F. and {Valenziano}, L. and {Valiviita}, J. and {Vassallo}, T. and {Viel}, M. and {Wang}, Y. and {Welikala}, N. and {Whittaker}, L. and {Zacchei}, A. and {Zucca}, E.},
        title = "{Euclid preparation: IX. EuclidEmulator2 - power spectrum emulation with massive neutrinos and self-consistent dark energy perturbations}",
      journal = {MNRAS},
     keywords = {methods: numerical, methods: statistical, cosmological parameters, large-scale structure of Universe, Astrophysics - Cosmology and Nongalactic Astrophysics},
         year = 2021,
        month = aug,
       volume = {505},
       number = {2},
        pages = {2840-2869},
          doi = {10.1093/mnras/stab1366},
archivePrefix = {arXiv},
       eprint = {2010.11288},
 primaryClass = {astro-ph.CO},
       adsurl = {https://ui.adsabs.harvard.edu/abs/2021MNRAS.505.2840E},
      adsnote = {Provided by the SAO/NASA Astrophysics Data System}
}

@ARTICLE{Euclid:2019,
       author = {{Euclid Collaboration} and {Knabenhans}, Mischa and {Stadel}, Joachim and {Marelli}, Stefano and {Potter}, Doug and {Teyssier}, Romain and {Legrand}, Laurent and {Schneider}, Aurel and {Sudret}, Bruno and {Blot}, Linda and {Awan}, Saeeda and {Burigana}, Carlo and {Carvalho}, Carla Sofia and {Kurki-Suonio}, Hannu and {Sirri}, Gabriele},
        title = "{Euclid preparation: II. The EUCLIDEMULATOR - a tool to compute the cosmology dependence of the nonlinear matter power spectrum}",
      journal = {MNRAS},
     keywords = {methods: numerical, methods: statistical, cosmological parameters, large-scale structure of Universe, Astrophysics - Cosmology and Nongalactic Astrophysics},
         year = 2019,
        month = apr,
       volume = {484},
       number = {4},
        pages = {5509-5529},
          doi = {10.1093/mnras/stz197},
archivePrefix = {arXiv},
       eprint = {1809.04695},
 primaryClass = {astro-ph.CO},
       adsurl = {https://ui.adsabs.harvard.edu/abs/2019MNRAS.484.5509E},
      adsnote = {Provided by the SAO/NASA Astrophysics Data System}
}

@ARTICLE{Heitmann:2014,
       author = {{Heitmann}, Katrin and {Lawrence}, Earl and {Kwan}, Juliana and
         {Habib}, Salman and {Higdon}, David},
        title = "{The Coyote Universe Extended: Precision Emulation of the Matter Power Spectrum}",
      journal = {ApJ},
     keywords = {large-scale structure of universe, methods: statistical, Astrophysics - Cosmology and Nongalactic Astrophysics},
         year = 2014,
        month = jan,
       volume = {780},
       number = {1},
          eid = {111},
        pages = {111},
          doi = {10.1088/0004-637X/780/1/111},
archivePrefix = {arXiv},
       eprint = {1304.7849},
 primaryClass = {astro-ph.CO},
       adsurl = {https://ui.adsabs.harvard.edu/abs/2014ApJ...780..111H},
      adsnote = {Provided by the SAO/NASA Astrophysics Data System}
}

@ARTICLE{Habib:2007,
       author = {{Habib}, Salman and {Heitmann}, Katrin and {Higdon}, David and
         {Nakhleh}, Charles and {Williams}, Brian},
        title = "{Cosmic calibration: Constraints from the matter power spectrum and the cosmic microwave background}",
      journal = {Phys. Rev. D},
     keywords = {98.80.-k, 02.50.-r, Cosmology, Probability theory stochastic processes and statistics, Astrophysics},
         year = 2007,
        month = oct,
       volume = {76},
       number = {8},
          eid = {083503},
        pages = {083503},
          doi = {10.1103/PhysRevD.76.083503},
archivePrefix = {arXiv},
       eprint = {astro-ph/0702348},
 primaryClass = {astro-ph},
       adsurl = {https://ui.adsabs.harvard.edu/abs/2007PhRvD..76h3503H},
      adsnote = {Provided by the SAO/NASA Astrophysics Data System}
}

@ARTICLE{Lawrence:2017,
       author = {{Lawrence}, Earl and {Heitmann}, Katrin and {Kwan}, Juliana and {Upadhye}, Amol and {Bingham}, Derek and {Habib}, Salman and {Higdon}, David and {Pope}, Adrian and {Finkel}, Hal and {Frontiere}, Nicholas},
        title = "{The Mira-Titan Universe. II. Matter Power Spectrum Emulation}",
      journal = {Astrophys. J. Let.},
     keywords = {dark energy, large-scale structure of universe, Astrophysics - Cosmology and Nongalactic Astrophysics},
         year = 2017,
        month = sep,
       volume = {847},
       number = {1},
          eid = {50},
        pages = {50},
          doi = {10.3847/1538-4357/aa86a9},
archivePrefix = {arXiv},
       eprint = {1705.03388},
 primaryClass = {astro-ph.CO},
       adsurl = {https://ui.adsabs.harvard.edu/abs/2017ApJ...847...50L},
      adsnote = {Provided by the SAO/NASA Astrophysics Data System}
}

@ARTICLE{Bye:2022,
       author = {{Bye}, Christian H. and {Portillo}, Stephen K.~N. and {Fialkov}, Anastasia},
        title = "{21cmVAE: A Very Accurate Emulator of the 21 cm Global Signal}",
      journal = {ApJ},
     keywords = {Early universe, Cosmology, Astronomy software, 435, 343, 1855, Astrophysics - Cosmology and Nongalactic Astrophysics, Astrophysics - Instrumentation and Methods for Astrophysics},
         year = 2022,
        month = may,
       volume = {930},
       number = {1},
          eid = {79},
        pages = {79},
          doi = {10.3847/1538-4357/ac6424},
archivePrefix = {arXiv},
       eprint = {2107.05581},
 primaryClass = {astro-ph.CO},
       adsurl = {https://ui.adsabs.harvard.edu/abs/2022ApJ...930...79B},
      adsnote = {Provided by the SAO/NASA Astrophysics Data System}
}

@ARTICLE{Bevins:2021,
       author = {{Bevins}, H.~T.~J. and {Handley}, W.~J. and {Fialkov}, A. and {de Lera Acedo}, E. and {Javid}, K.},
        title = "{GLOBALEMU: a novel and robust approach for emulating the sky-averaged 21-cm signal from the cosmic dawn and epoch of reionization}",
      journal = {MNRAS},
     keywords = {early Universe, reionization, first stars, dark ages, software: data analysis, software: simulations, Astrophysics - Cosmology and Nongalactic Astrophysics, Astrophysics - Instrumentation and Methods for Astrophysics},
         year = 2021,
        month = dec,
       volume = {508},
       number = {2},
        pages = {2923-2936},
          doi = {10.1093/mnras/stab2737},
archivePrefix = {arXiv},
       eprint = {2104.04336},
 primaryClass = {astro-ph.CO},
       adsurl = {https://ui.adsabs.harvard.edu/abs/2021MNRAS.508.2923B},
      adsnote = {Provided by the SAO/NASA Astrophysics Data System}
}

@ARTICLE{Cohen:2020,
       author = {{Cohen}, Aviad and {Fialkov}, Anastasia and {Barkana}, Rennan and {Monsalve}, Raul A.},
        title = "{Emulating the global 21-cm signal from Cosmic Dawn and Reionization}",
      journal = {MNRAS},
     keywords = {software: development, galaxies: high-redshift, dark ages, reionization, first stars, cosmology: theory, Astrophysics - Cosmology and Nongalactic Astrophysics},
         year = 2020,
        month = jul,
       volume = {495},
       number = {4},
        pages = {4845-4859},
          doi = {10.1093/mnras/staa1530},
archivePrefix = {arXiv},
       eprint = {1910.06274},
 primaryClass = {astro-ph.CO},
       adsurl = {https://ui.adsabs.harvard.edu/abs/2020MNRAS.495.4845C},
      adsnote = {Provided by the SAO/NASA Astrophysics Data System}
}

@ARTICLE{Kern:2017,
       author = {{Kern}, Nicholas S. and {Liu}, Adrian and {Parsons}, Aaron R. and {Mesinger}, Andrei and {Greig}, Bradley},
        title = "{Emulating Simulations of Cosmic Dawn for 21 cm Power Spectrum Constraints on Cosmology, Reionization, and X-Ray Heating}",
      journal = {ApJ},
     keywords = {dark ages, reionization, first stars, methods: numerical, methods: statistical, Astrophysics - Cosmology and Nongalactic Astrophysics, Astrophysics - Astrophysics of Galaxies},
         year = 2017,
        month = oct,
       volume = {848},
       number = {1},
          eid = {23},
        pages = {23},
          doi = {10.3847/1538-4357/aa8bb4},
archivePrefix = {arXiv},
       eprint = {1705.04688},
 primaryClass = {astro-ph.CO},
       adsurl = {https://ui.adsabs.harvard.edu/abs/2017ApJ...848...23K},
      adsnote = {Provided by the SAO/NASA Astrophysics Data System}
}

@ARTICLE{Bocquet:2022,
       author = {{Bocquet}, Sebastian and {Heitmann}, Katrin and {Habib}, Salman and {Lawrence}, Earl and {Uram}, Thomas and {Frontiere}, Nicholas and {Pope}, Adrian and {Finkel}, Hal},
        title = "{The Mira-Titan Universe. III. Emulation of the Halo Mass Function}",
      journal = {ApJ},
     keywords = {Large-scale structure of the universe, 902, Astrophysics - Cosmology and Nongalactic Astrophysics},
         year = 2020,
        month = sep,
       volume = {901},
       number = {1},
          eid = {5},
        pages = {5},
          doi = {10.3847/1538-4357/abac5c},
archivePrefix = {arXiv},
       eprint = {2003.12116},
 primaryClass = {astro-ph.CO},
       adsurl = {https://ui.adsabs.harvard.edu/abs/2020ApJ...901....5B},
      adsnote = {Provided by the SAO/NASA Astrophysics Data System}
}

@ARTICLE{McClintock:2019,
       author = {{McClintock}, Thomas and {Rozo}, Eduardo and {Becker}, Matthew R. and {DeRose}, Joseph and {Mao}, Yao-Yuan and {McLaughlin}, Sean and {Tinker}, Jeremy L. and {Wechsler}, Risa H. and {Zhai}, Zhongxu},
        title = "{The Aemulus Project. II. Emulating the Halo Mass Function}",
      journal = {ApJ},
     keywords = {large-scale structure of universe, methods: numerical, methods: statistical, Astrophysics - Cosmology and Nongalactic Astrophysics, Astrophysics - Astrophysics of Galaxies, Astrophysics - Instrumentation and Methods for Astrophysics},
         year = 2019,
        month = feb,
       volume = {872},
       number = {1},
          eid = {53},
        pages = {53},
          doi = {10.3847/1538-4357/aaf568},
archivePrefix = {arXiv},
       eprint = {1804.05866},
 primaryClass = {astro-ph.CO},
       adsurl = {https://ui.adsabs.harvard.edu/abs/2019ApJ...872...53M},
      adsnote = {Provided by the SAO/NASA Astrophysics Data System}
}

@ARTICLE{Davies:2021,
       author = {{Davies}, Christopher T. and {Cautun}, Marius and {Giblin}, Benjamin and {Li}, Baojiu and {Harnois-D{\'e}raps}, Joachim and {Cai}, Yan-Chuan},
        title = "{Constraining cosmology with weak lensing voids}",
      journal = {MNRAS},
     keywords = {gravitational lensing: weak, methods: data analysis, large-scale structure of Universe, cosmology: theory, Astrophysics - Cosmology and Nongalactic Astrophysics},
         year = 2021,
        month = oct,
       volume = {507},
       number = {2},
        pages = {2267-2282},
          doi = {10.1093/mnras/stab2251},
archivePrefix = {arXiv},
       eprint = {2010.11954},
 primaryClass = {astro-ph.CO},
       adsurl = {https://ui.adsabs.harvard.edu/abs/2021MNRAS.507.2267D},
      adsnote = {Provided by the SAO/NASA Astrophysics Data System}
}

@ARTICLE{Harnois:2019,
       author = {{Harnois-D{\'e}raps}, J. and {Giblin}, B. and {Joachimi}, B.},
        title = "{Cosmic shear covariance matrix in wCDM: Cosmology matters}",
      journal = {Astron. Astrophys.},
     keywords = {gravitational lensing: weak, methods: numerical, dark matter, dark energy, large-scale structure of Universe, Astrophysics - Cosmology and Nongalactic Astrophysics},
         year = 2019,
        month = nov,
       volume = {631},
          eid = {A160},
        pages = {A160},
          doi = {10.1051/0004-6361/201935912},
archivePrefix = {arXiv},
       eprint = {1905.06454},
 primaryClass = {astro-ph.CO},
       adsurl = {https://ui.adsabs.harvard.edu/abs/2019A&A...631A.160H},
      adsnote = {Provided by the SAO/NASA Astrophysics Data System}
}

@ARTICLE{Giri:2021,
       author = {{Giri}, Sambit K. and {Schneider}, Aurel},
        title = "{Emulation of baryonic effects on the matter power spectrum and constraints from galaxy cluster data}",
      journal = {JCAP},
     keywords = {cosmological simulations, galaxy clusters, power spectrum, weak gravitational lensing, Astrophysics - Cosmology and Nongalactic Astrophysics},
         year = 2021,
        month = dec,
       volume = {2021},
       number = {12},
          eid = {046},
        pages = {046},
          doi = {10.1088/1475-7516/2021/12/046},
archivePrefix = {arXiv},
       eprint = {2108.08863},
 primaryClass = {astro-ph.CO},
       adsurl = {https://ui.adsabs.harvard.edu/abs/2021JCAP...12..046G},
      adsnote = {Provided by the SAO/NASA Astrophysics Data System}
}

@ARTICLE{Nishimichi:2019,
       author = {{Nishimichi}, Takahiro and {Takada}, Masahiro and {Takahashi}, Ryuichi and {Osato}, Ken and {Shirasaki}, Masato and {Oogi}, Taira and {Miyatake}, Hironao and {Oguri}, Masamune and {Murata}, Ryoma and {Kobayashi}, Yosuke and {Yoshida}, Naoki},
        title = "{Dark Quest. I. Fast and Accurate Emulation of Halo Clustering Statistics and Its Application to Galaxy Clustering}",
      journal = {ApJ},
     keywords = {large-scale structure of universe, methods: numerical, methods: statistical, Astrophysics - Cosmology and Nongalactic Astrophysics},
         year = 2019,
        month = oct,
       volume = {884},
       number = {1},
          eid = {29},
        pages = {29},
          doi = {10.3847/1538-4357/ab3719},
archivePrefix = {arXiv},
       eprint = {1811.09504},
 primaryClass = {astro-ph.CO},
       adsurl = {https://ui.adsabs.harvard.edu/abs/2019ApJ...884...29N},
      adsnote = {Provided by the SAO/NASA Astrophysics Data System}
}

@ARTICLE{Giblin:2019,
       author = {{Giblin}, Benjamin and {Cataneo}, Matteo and {Moews}, Ben and
         {Heymans}, Catherine},
        title = "{On the road to per cent accuracy - II. Calibration of the non-linear matter power spectrum for arbitrary cosmologies}",
      journal = {MNRAS},
     keywords = {methods: statistical, surveys, cosmological parameters, cosmology: theory, Astrophysics - Cosmology and Nongalactic Astrophysics},
         year = 2019,
        month = dec,
       volume = {490},
       number = {4},
        pages = {4826-4840},
          doi = {10.1093/mnras/stz2659},
archivePrefix = {arXiv},
       eprint = {1906.02742},
 primaryClass = {astro-ph.CO},
       adsurl = {https://ui.adsabs.harvard.edu/abs/2019MNRAS.490.4826G},
      adsnote = {Provided by the SAO/NASA Astrophysics Data System}
}

@ARTICLE{Heitmann:2006,
       author = {{Heitmann}, Katrin and {Higdon}, David and {Nakhleh}, Charles and
         {Habib}, Salman},
        title = "{Cosmic Calibration}",
      journal = {Astrophys. J. Let.},
     keywords = {Cosmology: Cosmological Parameters, Cosmology: Theory, Astrophysics},
         year = 2006,
        month = jul,
       volume = {646},
       number = {1},
        pages = {L1-L4},
          doi = {10.1086/506448},
archivePrefix = {arXiv},
       eprint = {astro-ph/0606154},
 primaryClass = {astro-ph},
       adsurl = {https://ui.adsabs.harvard.edu/abs/2006ApJ...646L...1H},
      adsnote = {Provided by the SAO/NASA Astrophysics Data System}
}

@ARTICLE{Heitmann:2009,
       author = {{Heitmann}, Katrin and {Higdon}, David and {White}, Martin and
         {Habib}, Salman and {Williams}, Brian J. and {Lawrence}, Earl and
         {Wagner}, Christian},
        title = "{The Coyote Universe. II. Cosmological Models and Precision Emulation of the Nonlinear Matter Power Spectrum}",
      journal = {ApJ},
     keywords = {large-scale structure of universe, methods: statistical, Astrophysics - Cosmology and Extragalactic Astrophysics, High Energy Physics - Phenomenology},
         year = 2009,
        month = nov,
       volume = {705},
       number = {1},
        pages = {156-174},
          doi = {10.1088/0004-637X/705/1/156},
archivePrefix = {arXiv},
       eprint = {0902.0429},
 primaryClass = {astro-ph.CO},
       adsurl = {https://ui.adsabs.harvard.edu/abs/2009ApJ...705..156H},
      adsnote = {Provided by the SAO/NASA Astrophysics Data System}
}

@ARTICLE{2019MNRAS.488.4440A,
       author = {{Alsing}, Justin and {Charnock}, Tom and {Feeney}, Stephen and {Wandelt}, Benjamin},
        title = "{Fast likelihood-free cosmology with neural density estimators and active learning}",
      journal = {MNRAS},
     keywords = {data analysis: methods, Astrophysics - Cosmology and Nongalactic Astrophysics},
         year = 2019,
        month = sep,
       volume = {488},
       number = {3},
        pages = {4440-4458},
          doi = {10.1093/mnras/stz1960},
archivePrefix = {arXiv},
       eprint = {1903.00007},
 primaryClass = {astro-ph.CO},
       adsurl = {https://ui.adsabs.harvard.edu/abs/2019MNRAS.488.4440A},
      adsnote = {Provided by the SAO/NASA Astrophysics Data System}
}

@ARTICLE{2022arXiv220104679N,
       author = {{Neveux}, Richard and {Burtin}, Etienne and {Ruhlmann-Kleider}, Vanina and {de Mattia}, Arnaud and {Semenaite}, Agne and {Dawson}, Kyle S. and {de la Macorra}, Axel and {Percival}, Will J. and {Rossi}, Graziano and {Schneider}, Donald P. and {Zhao}, Gong-Bo},
        title = "{Combined full shape analysis of BOSS galaxies and eBOSS quasars using an iterative emulator}",
      journal = {arXiv e-prints},
     keywords = {Astrophysics - Cosmology and Nongalactic Astrophysics},
         year = 2022,
        month = jan,
          eid = {arXiv:2201.04679},
        pages = {arXiv:2201.04679},
archivePrefix = {arXiv},
       eprint = {2201.04679},
 primaryClass = {astro-ph.CO},
       adsurl = {https://ui.adsabs.harvard.edu/abs/2022arXiv220104679N},
      adsnote = {Provided by the SAO/NASA Astrophysics Data System}
}

@ARTICLE{2022arXiv220306124B,
       author = {{Boruah}, Supranta S. and {Eifler}, Tim and {Miranda}, Vivian and {M}, Sai Krishanth P.},
        title = "{Accelerating cosmological inference with Gaussian processes and neural networks -- an application to LSST Y1 weak lensing and galaxy clustering}",
      journal = {arXiv e-prints},
     keywords = {Astrophysics - Cosmology and Nongalactic Astrophysics},
         year = 2022,
        month = mar,
          eid = {arXiv:2203.06124},
        pages = {arXiv:2203.06124},
archivePrefix = {arXiv},
       eprint = {2203.06124},
 primaryClass = {astro-ph.CO},
       adsurl = {https://ui.adsabs.harvard.edu/abs/2022arXiv220306124B},
      adsnote = {Provided by the SAO/NASA Astrophysics Data System}
}

@ARTICLE{2022arXiv220311963Y,
       author = {{Yuan}, Sihan and {Garrison}, Lehman H. and {Eisenstein}, Daniel J. and {Wechsler}, Risa H.},
        title = "{Stringent $\sigma_8$ constraints from small-scale galaxy clustering using a hybrid MCMC+emulator framework}",
      journal = {arXiv e-prints},
     keywords = {Astrophysics - Cosmology and Nongalactic Astrophysics},
         year = 2022,
        month = mar,
          eid = {arXiv:2203.11963},
        pages = {arXiv:2203.11963},
archivePrefix = {arXiv},
       eprint = {2203.11963},
 primaryClass = {astro-ph.CO},
       adsurl = {https://ui.adsabs.harvard.edu/abs/2022arXiv220311963Y},
      adsnote = {Provided by the SAO/NASA Astrophysics Data System}
}

% non-linear multi-fidelity
@ARTICLE{2017RSPSA.47360751P,
       author = {{Perdikaris}, P. and {Raissi}, M. and {Damianou}, A. and {Lawrence}, N.~D. and {Karniadakis}, G.~E.},
        title = "{Nonlinear information fusion algorithms for data-efficient multi-fidelity modelling}",
      journal = {Proceedings of the Royal Society of London Series A},
         year = 2017,
        month = feb,
       volume = {473},
       number = {2198},
          eid = {20160751},
        pages = {20160751},
          doi = {10.1098/rspa.2016.0751},
       adsurl = {https://ui.adsabs.harvard.edu/abs/2017RSPSA.47360751P},
      adsnote = {Provided by the SAO/NASA Astrophysics Data System}
}

% a graphical GP for multi-fidelity paper
@ARTICLE{Ji:2021,
       author = {{Ji}, Yi and {Mak}, Simon and {Soeder}, Derek and {Paquet}, J-F and {Bass}, Steffen A.},
        title = "{A graphical multi-fidelity Gaussian process model, with application to emulation of expensive computer simulations}",
      journal = {arXiv e-prints},
     keywords = {Statistics - Methodology},
         year = 2021,
        month = jul,
          eid = {arXiv:2108.00306},
        pages = {arXiv:2108.00306},
archivePrefix = {arXiv},
       eprint = {2108.00306},
 primaryClass = {stat.ME},
       adsurl = {https://ui.adsabs.harvard.edu/abs/2021arXiv210800306J},
      adsnote = {Provided by the SAO/NASA Astrophysics Data System}
}


% DESI white paper
@ARTICLE{2022arXiv220307491V,
       author = {{Valluri}, Monica and {Chabanier}, Solene and {Irsic}, Vid and {Armengaud}, Eric and {Walther}, Michael and {Rockosi}, Connie and {Sanchez-Conde}, Miguel A. and {Beraldo e Silva}, Leandro and {Cooper}, Andrew P. and {Darragh-Ford}, Elise and {Dawson}, Kyle and {Deason}, Alis J. and {Ferraro}, Simone and {Forero-Romero}, Jaime E. and {Garzilli}, Antonella and {Li}, Ting and {Lukic}, Zarija and {Manser}, Christopher J. and {Palanque-Delabrouille}, Nathalie and {Ravoux}, Corentin and {Tan}, Ting and {Wang}, Wenting and {Weschler}, Risa and {Carrillo}, Andreia and {Dey}, Arjun and {Koposov}, Sergey E. and {Mao}, Yao-Yuan and {Montero-Camacho}, Paulo and {Patel}, Ekta and {Rossi}, Graziano and {Urena-Lopez}, L. Arturo and {Valenzuela}, Octavio},
        title = "{Snowmass2021 Cosmic Frontier White Paper: Prospects for obtaining Dark Matter Constraints with DESI}",
      journal = {arXiv e-prints},
     keywords = {Astrophysics - Cosmology and Nongalactic Astrophysics, Astrophysics - Astrophysics of Galaxies, High Energy Physics - Phenomenology},
         year = 2022,
        month = mar,
          eid = {arXiv:2203.07491},
        pages = {arXiv:2203.07491},
archivePrefix = {arXiv},
       eprint = {2203.07491},
 primaryClass = {astro-ph.CO},
       adsurl = {https://ui.adsabs.harvard.edu/abs/2022arXiv220307491V},
      adsnote = {Provided by the SAO/NASA Astrophysics Data System}
}

% DESI
@ARTICLE{2016arXiv161100036D,
       author = {{DESI Collaboration} and {Aghamousa}, Amir and {Aguilar}, Jessica and {Ahlen}, Steve and {Alam}, Shadab and {Allen}, Lori E. and {Allende Prieto}, Carlos and {Annis}, James and {Bailey}, Stephen and {Balland}, Christophe and {Ballester}, Otger and {Baltay}, Charles and {Beaufore}, Lucas and {Bebek}, Chris and {Beers}, Timothy C. and {Bell}, Eric F. and {Bernal}, Jos{\'e} Luis and {Besuner}, Robert and {Beutler}, Florian and {Blake}, Chris and {Bleuler}, Hannes and {Blomqvist}, Michael and {Blum}, Robert and {Bolton}, Adam S. and {Briceno}, Cesar and {Brooks}, David and {Brownstein}, Joel R. and {Buckley-Geer}, Elizabeth and {Burden}, Angela and {Burtin}, Etienne and {Busca}, Nicolas G. and {Cahn}, Robert N. and {Cai}, Yan-Chuan and {Cardiel-Sas}, Laia and {Carlberg}, Raymond G. and {Carton}, Pierre-Henri and {Casas}, Ricard and {Castander}, Francisco J. and {Cervantes-Cota}, Jorge L. and {Claybaugh}, Todd M. and {Close}, Madeline and {Coker}, Carl T. and {Cole}, Shaun and {Comparat}, Johan and {Cooper}, Andrew P. and {Cousinou}, M. -C. and {Crocce}, Martin and {Cuby}, Jean-Gabriel and {Cunningham}, Daniel P. and {Davis}, Tamara M. and {Dawson}, Kyle S. and {de la Macorra}, Axel and {De Vicente}, Juan and {Delubac}, Timoth{\'e}e and {Derwent}, Mark and {Dey}, Arjun and {Dhungana}, Govinda and {Ding}, Zhejie and {Doel}, Peter and {Duan}, Yutong T. and {Ealet}, Anne and {Edelstein}, Jerry and {Eftekharzadeh}, Sarah and {Eisenstein}, Daniel J. and {Elliott}, Ann and {Escoffier}, St{\'e}phanie and {Evatt}, Matthew and {Fagrelius}, Parker and {Fan}, Xiaohui and {Fanning}, Kevin and {Farahi}, Arya and {Farihi}, Jay and {Favole}, Ginevra and {Feng}, Yu and {Fernandez}, Enrique and {Findlay}, Joseph R. and {Finkbeiner}, Douglas P. and {Fitzpatrick}, Michael J. and {Flaugher}, Brenna and {Flender}, Samuel and {Font-Ribera}, Andreu and {Forero-Romero}, Jaime E. and {Fosalba}, Pablo and {Frenk}, Carlos S. and {Fumagalli}, Michele and {Gaensicke}, Boris T. and {Gallo}, Giuseppe and {Garcia-Bellido}, Juan and {Gaztanaga}, Enrique and {Pietro Gentile Fusillo}, Nicola and {Gerard}, Terry and {Gershkovich}, Irena and {Giannantonio}, Tommaso and {Gillet}, Denis and {Gonzalez-de-Rivera}, Guillermo and {Gonzalez-Perez}, Violeta and {Gott}, Shelby and {Graur}, Or and {Gutierrez}, Gaston and {Guy}, Julien and {Habib}, Salman and {Heetderks}, Henry and {Heetderks}, Ian and {Heitmann}, Katrin and {Hellwing}, Wojciech A. and {Herrera}, David A. and {Ho}, Shirley and {Holland}, Stephen and {Honscheid}, Klaus and {Huff}, Eric and {Hutchinson}, Timothy A. and {Huterer}, Dragan and {Hwang}, Ho Seong and {Illa Laguna}, Joseph Maria and {Ishikawa}, Yuzo and {Jacobs}, Dianna and {Jeffrey}, Niall and {Jelinsky}, Patrick and {Jennings}, Elise and {Jiang}, Linhua and {Jimenez}, Jorge and {Johnson}, Jennifer and {Joyce}, Richard and {Jullo}, Eric and {Juneau}, St{\'e}phanie and {Kama}, Sami and {Karcher}, Armin and {Karkar}, Sonia and {Kehoe}, Robert and {Kennamer}, Noble and {Kent}, Stephen and {Kilbinger}, Martin and {Kim}, Alex G. and {Kirkby}, David and {Kisner}, Theodore and {Kitanidis}, Ellie and {Kneib}, Jean-Paul and {Koposov}, Sergey and {Kovacs}, Eve and {Koyama}, Kazuya and {Kremin}, Anthony and {Kron}, Richard and {Kronig}, Luzius and {Kueter-Young}, Andrea and {Lacey}, Cedric G. and {Lafever}, Robin and {Lahav}, Ofer and {Lambert}, Andrew and {Lampton}, Michael and {Landriau}, Martin and {Lang}, Dustin and {Lauer}, Tod R. and {Le Goff}, Jean-Marc and {Le Guillou}, Laurent and {Le Van Suu}, Auguste and {Lee}, Jae Hyeon and {Lee}, Su-Jeong and {Leitner}, Daniela and {Lesser}, Michael and {Levi}, Michael E. and {L'Huillier}, Benjamin and {Li}, Baojiu and {Liang}, Ming and {Lin}, Huan and {Linder}, Eric and {Loebman}, Sarah R. and {Luki{\'c}}, Zarija and {Ma}, Jun and {MacCrann}, Niall and {Magneville}, Christophe and {Makarem}, Laleh and {Manera}, Marc and {Manser}, Christopher J. and {Marshall}, Robert and {Martini}, Paul and {Massey}, Richard and {Matheson}, Thomas and {McCauley}, Jeremy and {McDonald}, Patrick and {McGreer}, Ian D. and {Meisner}, Aaron and {Metcalfe}, Nigel and {Miller}, Timothy N. and {Miquel}, Ramon and {Moustakas}, John and {Myers}, Adam and {Naik}, Milind and {Newman}, Jeffrey A. and {Nichol}, Robert C. and {Nicola}, Andrina and {Nicolati da Costa}, Luiz and {Nie}, Jundan and {Niz}, Gustavo and {Norberg}, Peder and {Nord}, Brian and {Norman}, Dara and {Nugent}, Peter and {O'Brien}, Thomas and {Oh}, Minji and {Olsen}, Knut A.~G. and {Padilla}, Cristobal and {Padmanabhan}, Hamsa and {Padmanabhan}, Nikhil and {Palanque-Delabrouille}, Nathalie and {Palmese}, Antonella and {Pappalardo}, Daniel and {P{\^a}ris}, Isabelle and {Park}, Changbom and {Patej}, Anna and {Peacock}, John A. and {Peiris}, Hiranya V. and {Peng}, Xiyan and {Percival}, Will J. and {Perruchot}, Sandrine and {Pieri}, Matthew M. and {Pogge}, Richard and {Pollack}, Jennifer E. and {Poppett}, Claire and {Prada}, Francisco and {Prakash}, Abhishek and {Probst}, Ronald G. and {Rabinowitz}, David and {Raichoor}, Anand and {Ree}, Chang Hee and {Refregier}, Alexandre and {Regal}, Xavier and {Reid}, Beth and {Reil}, Kevin and {Rezaie}, Mehdi and {Rockosi}, Constance M. and {Roe}, Natalie and {Ronayette}, Samuel and {Roodman}, Aaron and {Ross}, Ashley J. and {Ross}, Nicholas P. and {Rossi}, Graziano and {Rozo}, Eduardo and {Ruhlmann-Kleider}, Vanina and {Rykoff}, Eli S. and {Sabiu}, Cristiano and {Samushia}, Lado and {Sanchez}, Eusebio and {Sanchez}, Javier and {Schlegel}, David J. and {Schneider}, Michael and {Schubnell}, Michael and {Secroun}, Aur{\'e}lia and {Seljak}, Uros and {Seo}, Hee-Jong and {Serrano}, Santiago and {Shafieloo}, Arman and {Shan}, Huanyuan and {Sharples}, Ray and {Sholl}, Michael J. and {Shourt}, William V. and {Silber}, Joseph H. and {Silva}, David R. and {Sirk}, Martin M. and {Slosar}, Anze and {Smith}, Alex and {Smoot}, George F. and {Som}, Debopam and {Song}, Yong-Seon and {Sprayberry}, David and {Staten}, Ryan and {Stefanik}, Andy and {Tarle}, Gregory and {Sien Tie}, Suk and {Tinker}, Jeremy L. and {Tojeiro}, Rita and {Valdes}, Francisco and {Valenzuela}, Octavio and {Valluri}, Monica and {Vargas-Magana}, Mariana and {Verde}, Licia and {Walker}, Alistair R. and {Wang}, Jiali and {Wang}, Yuting and {Weaver}, Benjamin A. and {Weaverdyck}, Curtis and {Wechsler}, Risa H. and {Weinberg}, David H. and {White}, Martin and {Yang}, Qian and {Yeche}, Christophe and {Zhang}, Tianmeng and {Zhao}, Gong-Bo and {Zheng}, Yi and {Zhou}, Xu and {Zhou}, Zhimin and {Zhu}, Yaling and {Zou}, Hu and {Zu}, Ying},
        title = "{The DESI Experiment Part I: Science,Targeting, and Survey Design}",
      journal = {arXiv e-prints},
     keywords = {Astrophysics - Instrumentation and Methods for Astrophysics, Astrophysics - Cosmology and Nongalactic Astrophysics},
         year = 2016,
        month = oct,
          eid = {arXiv:1611.00036},
        pages = {arXiv:1611.00036},
archivePrefix = {arXiv},
       eprint = {1611.00036},
 primaryClass = {astro-ph.IM},
       adsurl = {https://ui.adsabs.harvard.edu/abs/2016arXiv161100036D},
      adsnote = {Provided by the SAO/NASA Astrophysics Data System}
}

% Ming-Feng's DLA paper
@ARTICLE{2021MNRAS.507..704H,
       author = {{Ho}, Ming-Feng and {Bird}, Simeon and {Garnett}, Roman},
        title = "{Damped Lyman-{\ensuremath{\alpha}} absorbers from Sloan digital sky survey DR16Q with Gaussian processes}",
      journal = {MNRAS},
     keywords = {intergalactic medium, quasars: absorption lines, galaxies: statistics, Astrophysics - Astrophysics of Galaxies, Astrophysics - Instrumentation and Methods for Astrophysics, Physics - Data Analysis, Statistics and Probability},
         year = 2021,
        month = oct,
       volume = {507},
       number = {1},
        pages = {704-719},
          doi = {10.1093/mnras/stab2169},
archivePrefix = {arXiv},
       eprint = {2103.10964},
 primaryClass = {astro-ph.GA},
       adsurl = {https://ui.adsabs.harvard.edu/abs/2021MNRAS.507..704H},
      adsnote = {Provided by the SAO/NASA Astrophysics Data System}
}

% quick lyman alpha
@ARTICLE{2004MNRAS.354..684V,
       author = {{Viel}, Matteo and {Haehnelt}, Martin G. and {Springel}, Volker},
        title = "{Inferring the dark matter power spectrum from the Lyman {\ensuremath{\alpha}} forest in high-resolution QSO absorption spectra}",
      journal = {MNRAS},
     keywords = {intergalactic medium, quasars: absorption lines, large-scale structure of Universe, Astrophysics},
         year = 2004,
        month = nov,
       volume = {354},
       number = {3},
        pages = {684-694},
          doi = {10.1111/j.1365-2966.2004.08224.x},
archivePrefix = {arXiv},
       eprint = {astro-ph/0404600},
 primaryClass = {astro-ph},
       adsurl = {https://ui.adsabs.harvard.edu/abs/2004MNRAS.354..684V},
      adsnote = {Provided by the SAO/NASA Astrophysics Data System}
}

% multi-fidelity
@ARTICLE{10.1093/biomet/87.1.1,
    author = {Kennedy, MC and O'Hagan, A},
    title = "{Predicting the output from a complex computer code when fast approximations are available}",
    journal = {Biometrika},
    volume = {87},
    number = {1},
    pages = {1-13},
    year = {2000},
    month = {03},
    issn = {0006-3444},
    doi = {10.1093/biomet/87.1.1},
    url = {https://doi.org/10.1093/biomet/87.1.1},
    eprint = {https://academic.oup.com/biomet/article-pdf/87/1/1/590577/870001.pdf},
}

% gaussian processes
@BOOK{2006gpml.book.....R,
       author = {{Rasmussen}, Carl Edward and {Williams}, Christopher K.~I.},
        title = "{Gaussian Processes for Machine Learning}",
         year = 2006,
       adsurl = {https://ui.adsabs.harvard.edu/abs/2006gpml.book.....R},
      adsnote = {Provided by the SAO/NASA Astrophysics Data System},
      publisher = {MIT Press}
}

@Misc{gpy2014,
  author =   {{GPy}},
  title =    {{GPy}: A Gaussian process framework in python},
  howpublished = {\url{http://github.com/SheffieldML/GPy}},
  year = {since 2012}
}

% studies using flux power spectrum
@ARTICLE{2019MNRAS.490.3177W,
       author = {{Wu}, Xiaohan and {McQuinn}, Matthew and {Kannan}, Rahul and {D'Aloisio}, Anson and {Bird}, Simeon and {Marinacci}, Federico and {Dav{\'e}}, Romeel and {Hernquist}, Lars},
        title = "{Imprints of temperature fluctuations on the z {\ensuremath{\sim}} 5 Lyman-{\ensuremath{\alpha}} forest: a view from radiation-hydrodynamic simulations of reionization}",
      journal = {MNRAS},
     keywords = {methods: numerical, galaxies: high-redshift, intergalactic medium, dark ages, reionization, first stars, Astrophysics - Cosmology and Nongalactic Astrophysics, Astrophysics - Astrophysics of Galaxies},
         year = 2019,
        month = dec,
       volume = {490},
       number = {3},
        pages = {3177-3195},
          doi = {10.1093/mnras/stz2807},
archivePrefix = {arXiv},
       eprint = {1907.04860},
 primaryClass = {astro-ph.CO},
       adsurl = {https://ui.adsabs.harvard.edu/abs/2019MNRAS.490.3177W},
      adsnote = {Provided by the SAO/NASA Astrophysics Data System}
}

@ARTICLE{2019ApJ...872..101B,
       author = {{Boera}, Elisa and {Becker}, George D. and {Bolton}, James S. and {Nasir}, Fahad},
        title = "{Revealing Reionization with the Thermal History of the Intergalactic Medium: New Constraints from the Ly{\ensuremath{\alpha}} Flux Power Spectrum}",
      journal = {ApJ},
     keywords = {cosmology: observations, early universe, methods: observational, methods: statistical, quasars: absorption lines, Astrophysics - Cosmology and Nongalactic Astrophysics},
         year = 2019,
        month = feb,
       volume = {872},
       number = {1},
          eid = {101},
        pages = {101},
          doi = {10.3847/1538-4357/aafee4},
archivePrefix = {arXiv},
       eprint = {1809.06980},
 primaryClass = {astro-ph.CO},
       adsurl = {https://ui.adsabs.harvard.edu/abs/2019ApJ...872..101B},
      adsnote = {Provided by the SAO/NASA Astrophysics Data System}
}

@ARTICLE{2016MNRAS.463.2335N,
       author = {{Nasir}, Fahad and {Bolton}, James S. and {Becker}, George D.},
        title = "{Inferring the IGM thermal history during reionization with the Lyman {\ensuremath{\alpha}} forest power spectrum at redshift $z \simeq 5$}",
      journal = {MNRAS},
     keywords = {methods: numerical, intergalactic medium, quasars: absorption lines, dark ages, reionization, first stars, Astrophysics - Cosmology and Nongalactic Astrophysics},
         year = 2016,
        month = dec,
       volume = {463},
       number = {3},
        pages = {2335-2347},
          doi = {10.1093/mnras/stw2147},
archivePrefix = {arXiv},
       eprint = {1605.04155},
 primaryClass = {astro-ph.CO},
       adsurl = {https://ui.adsabs.harvard.edu/abs/2016MNRAS.463.2335N},
      adsnote = {Provided by the SAO/NASA Astrophysics Data System}
}

@ARTICLE{2021PhRvL.126g1302R,
       author = {{Rogers}, Keir K. and {Peiris}, Hiranya V.},
        title = "{Strong Bound on Canonical Ultralight Axion Dark Matter from the Lyman-Alpha Forest}",
      journal = {Phys. Rev. L},
     keywords = {Astrophysics - Cosmology and Nongalactic Astrophysics, High Energy Physics - Phenomenology},
         year = 2021,
        month = feb,
       volume = {126},
       number = {7},
          eid = {071302},
        pages = {071302},
          doi = {10.1103/PhysRevLett.126.071302},
archivePrefix = {arXiv},
       eprint = {2007.12705},
 primaryClass = {astro-ph.CO},
       adsurl = {https://ui.adsabs.harvard.edu/abs/2021PhRvL.126g1302R},
      adsnote = {Provided by the SAO/NASA Astrophysics Data System}
}

@ARTICLE{2021JCAP...03..049G,
       author = {{Garny}, Mathias and {Konstandin}, Thomas and {Sagunski}, Laura and {Viel}, Matteo},
        title = "{Neutrino mass bounds from confronting an effective model with BOSS Lyman-{\ensuremath{\alpha}} data}",
      journal = {JCAP},
     keywords = {Lyman alpha forest, neutrino masses from cosmology, power spectrum, Astrophysics - Cosmology and Nongalactic Astrophysics, High Energy Physics - Phenomenology},
         year = 2021,
        month = mar,
       volume = {2021},
       number = {3},
          eid = {049},
        pages = {049},
          doi = {10.1088/1475-7516/2021/03/049},
archivePrefix = {arXiv},
       eprint = {2011.03050},
 primaryClass = {astro-ph.CO},
       adsurl = {https://ui.adsabs.harvard.edu/abs/2021JCAP...03..049G},
      adsnote = {Provided by the SAO/NASA Astrophysics Data System}
}

@ARTICLE{2020JCAP...04..038P,
       author = {{Palanque-Delabrouille}, Nathalie and {Y{\`e}che}, Christophe and {Sch{\"o}neberg}, Nils and {Lesgourgues}, Julien and {Walther}, Michael and {Chabanier}, Sol{\`e}ne and {Armengaud}, Eric},
        title = "{Hints, neutrino bounds, and WDM constraints from SDSS DR14 Lyman-{\ensuremath{\alpha}} and Planck full-survey data}",
      journal = {JCAP},
     keywords = {Astrophysics - Cosmology and Nongalactic Astrophysics},
         year = 2020,
        month = apr,
       volume = {2020},
       number = {4},
          eid = {038},
        pages = {038},
          doi = {10.1088/1475-7516/2020/04/038},
archivePrefix = {arXiv},
       eprint = {1911.09073},
 primaryClass = {astro-ph.CO},
       adsurl = {https://ui.adsabs.harvard.edu/abs/2020JCAP...04..038P},
      adsnote = {Provided by the SAO/NASA Astrophysics Data System}
}

@ARTICLE{2013A&A...559A..85P,
       author = {{Palanque-Delabrouille}, Nathalie and {Y{\`e}che}, Christophe and {Borde}, Arnaud and {Le Goff}, Jean-Marc and {Rossi}, Graziano and {Viel}, Matteo and {Aubourg}, {\'E}ric and {Bailey}, Stephen and {Bautista}, Julian and {Blomqvist}, Michael and {Bolton}, Adam and {Bolton}, James S. and {Busca}, Nicol{\'a}s G. and {Carithers}, Bill and {Croft}, Rupert A.~C. and {Dawson}, Kyle S. and {Delubac}, Timoth{\'e}e and {Font-Ribera}, Andreu and {Ho}, Shirley and {Kirkby}, David and {Lee}, Khee-Gan and {Margala}, Daniel and {Miralda-Escud{\'e}}, Jordi and {Muna}, Demitri and {Myers}, Adam D. and {Noterdaeme}, Pasquier and {P{\^a}ris}, Isabelle and {Petitjean}, Patrick and {Pieri}, Matthew M. and {Rich}, James and {Rollinde}, Emmanuel and {Ross}, Nicholas P. and {Schlegel}, David J. and {Schneider}, Donald P. and {Slosar}, An{\v{z}}e and {Weinberg}, David H.},
        title = "{The one-dimensional Ly{\ensuremath{\alpha}} forest power spectrum from BOSS}",
      journal = {Astron. Astrophys.},
     keywords = {cosmology: observations, large-scale structure of Universe, intergalactic medium, cosmological parameters, Astrophysics - Cosmology and Extragalactic Astrophysics},
         year = 2013,
        month = nov,
       volume = {559},
          eid = {A85},
        pages = {A85},
          doi = {10.1051/0004-6361/201322130},
archivePrefix = {arXiv},
       eprint = {1306.5896},
 primaryClass = {astro-ph.CO},
       adsurl = {https://ui.adsabs.harvard.edu/abs/2013A&A...559A..85P},
      adsnote = {Provided by the SAO/NASA Astrophysics Data System}
}

@ARTICLE{2022arXiv220913942C,
       author = {{Cuceu}, Andrei and {Font-Ribera}, Andreu and {Nadathur}, Seshadri and {Joachimi}, Benjamin and {Martini}, Paul},
        title = "{Constraints on the Cosmic Expansion Rate at Redshift 2.3 from the Lyman-{\ensuremath{\alpha}} Forest}",
      journal = {\prl},
     keywords = {Astrophysics - Cosmology and Nongalactic Astrophysics},
         year = 2023,
        month = may,
       volume = {130},
       number = {19},
          eid = {191003},
        pages = {191003},
          doi = {10.1103/PhysRevLett.130.191003},
archivePrefix = {arXiv},
       eprint = {2209.13942},
 primaryClass = {astro-ph.CO},
       adsurl = {https://ui.adsabs.harvard.edu/abs/2023PhRvL.130s1003C},
      adsnote = {Provided by the SAO/NASA Astrophysics Data System}
}

@ARTICLE{2020JCAP...04..025P,
       author = {{Pedersen}, Christian and {Font-Ribera}, Andreu and {Kitching}, Thomas D. and {McDonald}, Patrick and {Bird}, Simeon and {Slosar}, An{\v{z}}e and {Rogers}, Keir K. and {Pontzen}, Andrew},
        title = "{Massive neutrinos and degeneracies in Lyman-alpha forest simulations}",
      journal = {JCAP},
     keywords = {Astrophysics - Cosmology and Nongalactic Astrophysics},
         year = 2020,
        month = apr,
       volume = {2020},
       number = {4},
          eid = {025},
        pages = {025},
          doi = {10.1088/1475-7516/2020/04/025},
archivePrefix = {arXiv},
       eprint = {1911.09596},
 primaryClass = {astro-ph.CO},
       adsurl = {https://ui.adsabs.harvard.edu/abs/2020JCAP...04..025P},
      adsnote = {Provided by the SAO/NASA Astrophysics Data System}
}

@ARTICLE{2017JCAP...06..047Y,
       author = {{Y{\`e}che}, Christophe and {Palanque-Delabrouille}, Nathalie and {Baur}, Julien and {du Mas des Bourboux}, H{\'e}lion},
        title = "{Constraints on neutrino masses from Lyman-alpha forest power spectrum with BOSS and XQ-100}",
      journal = {JCAP},
     keywords = {Astrophysics - Cosmology and Nongalactic Astrophysics},
         year = 2017,
        month = jun,
       volume = {2017},
       number = {6},
          eid = {047},
        pages = {047},
          doi = {10.1088/1475-7516/2017/06/047},
archivePrefix = {arXiv},
       eprint = {1702.03314},
 primaryClass = {astro-ph.CO},
       adsurl = {https://ui.adsabs.harvard.edu/abs/2017JCAP...06..047Y},
      adsnote = {Provided by the SAO/NASA Astrophysics Data System}
}

@ARTICLE{2019ApJ...872...13W,
       author = {{Walther}, Michael and {O{\~n}orbe}, Jose and {Hennawi}, Joseph F. and {Luki{\'c}}, Zarija},
        title = "{New Constraints on IGM Thermal Evolution from the Ly{\ensuremath{\alpha}} Forest Power Spectrum}",
      journal = {ApJ},
     keywords = {cosmological parameters, cosmology: observations, dark ages, reionization, first stars, intergalactic medium, Astrophysics - Cosmology and Nongalactic Astrophysics},
         year = 2019,
        month = feb,
       volume = {872},
       number = {1},
          eid = {13},
        pages = {13},
          doi = {10.3847/1538-4357/aafad1},
archivePrefix = {arXiv},
       eprint = {1808.04367},
 primaryClass = {astro-ph.CO},
       adsurl = {https://ui.adsabs.harvard.edu/abs/2019ApJ...872...13W},
      adsnote = {Provided by the SAO/NASA Astrophysics Data System}
}

@ARTICLE{2022ApJ...933...59V,
       author = {{Villasenor}, Bruno and {Robertson}, Brant and {Madau}, Piero and {Schneider}, Evan},
        title = "{Inferring the Thermal History of the Intergalactic Medium from the Properties of the Hydrogen and Helium Ly{\ensuremath{\alpha}} Forest}",
      journal = {ApJ},
     keywords = {Hydrodynamical simulations, Large-scale structure of the universe, Lyman alpha forest, Computational methods, 767, 902, 980, 1965, Astrophysics - Cosmology and Nongalactic Astrophysics},
         year = 2022,
        month = jul,
       volume = {933},
       number = {1},
          eid = {59},
        pages = {59},
          doi = {10.3847/1538-4357/ac704e},
archivePrefix = {arXiv},
       eprint = {2111.00019},
 primaryClass = {astro-ph.CO},
       adsurl = {https://ui.adsabs.harvard.edu/abs/2022ApJ...933...59V},
      adsnote = {Provided by the SAO/NASA Astrophysics Data System}
}

@ARTICLE{2021MNRAS.506.4389G,
       author = {{Gaikwad}, Prakash and {Srianand}, Raghunathan and {Haehnelt}, Martin G. and {Choudhury}, Tirthankar Roy},
        title = "{A consistent and robust measurement of the thermal state of the IGM at 2 {\ensuremath{\leq}} z {\ensuremath{\leq}} 4 from a large sample of Ly {\ensuremath{\alpha}} forest spectra: evidence for late and rapid He II reionization}",
      journal = {MNRAS},
     keywords = {methods: numerical, intergalactic medium, quasars: absorption lines, large-scale structure of Universe, Astrophysics - Cosmology and Nongalactic Astrophysics, Astrophysics - Astrophysics of Galaxies},
         year = 2021,
        month = sep,
       volume = {506},
       number = {3},
        pages = {4389-4412},
          doi = {10.1093/mnras/stab2017},
archivePrefix = {arXiv},
       eprint = {2009.00016},
 primaryClass = {astro-ph.CO},
       adsurl = {https://ui.adsabs.harvard.edu/abs/2021MNRAS.506.4389G},
      adsnote = {Provided by the SAO/NASA Astrophysics Data System}
}

% hires flux power
@ARTICLE{2019MNRAS.489.2536D,
       author = {{Day}, Aaron and {Tytler}, David and {Kambalur}, Bharat},
        title = "{Power spectrum of the flux in the Lyman-alpha forest from high-resolution spectra of 87 QSOs}",
      journal = {MNRAS},
     keywords = {astroparticle physics, neutrinos, intergalactic medium, quasars: absorption lines, cosmology: observations},
         year = 2019,
        month = oct,
       volume = {489},
       number = {2},
        pages = {2536-2554},
          doi = {10.1093/mnras/stz2214},
       adsurl = {https://ui.adsabs.harvard.edu/abs/2019MNRAS.489.2536D},
      adsnote = {Provided by the SAO/NASA Astrophysics Data System}
}

% kodiaq, xq-100, squad flux power
@ARTICLE{2022MNRAS.509.2842K,
       author = {{Kara{\c{c}}ayl{\i}}, Naim G{\"o}ksel and {Padmanabhan}, Nikhil and {Font-Ribera}, Andreu and {Ir{\v{s}}i{\v{c}}}, Vid and {Walther}, Michael and {Brooks}, David and {Gazta{\~n}aga}, Enrique and {Kehoe}, Robert and {Levi}, Michael and {Ntelis}, Pierros and {Palanque-Delabrouille}, Nathalie and {Tarl{\'e}}, Gregory},
        title = "{Optimal 1D Ly {\ensuremath{\alpha}} forest power spectrum estimation - II. KODIAQ, SQUAD, and XQ-100}",
      journal = {MNRAS},
     keywords = {methods: data analysis, intergalactic medium, quasars: absorption lines, Astrophysics - Cosmology and Nongalactic Astrophysics},
         year = 2022,
        month = jan,
       volume = {509},
       number = {2},
        pages = {2842-2855},
          doi = {10.1093/mnras/stab3201},
archivePrefix = {arXiv},
       eprint = {2108.10870},
 primaryClass = {astro-ph.CO},
       adsurl = {https://ui.adsabs.harvard.edu/abs/2022MNRAS.509.2842K},
      adsnote = {Provided by the SAO/NASA Astrophysics Data System}
}

% ly-a forest flux power paper
@ARTICLE{1998ApJ...495...44C,
       author = {{Croft}, Rupert A.~C. and {Weinberg}, David H. and {Katz}, Neal and {Hernquist}, Lars},
        title = "{Recovery of the Power Spectrum of Mass Fluctuations from Observations of the Ly{\ensuremath{\alpha}} Forest}",
      journal = {ApJ},
     keywords = {GALAXIES: QUASARS: ABSORPTION LINES, GALAXIES: FORMATION, COSMOLOGY: LARGE-SCALE STRUCTURE OF UNIVERSE, COSMOLOGY: THEORY, METHODS: NUMERICAL, Cosmology: Theory, Galaxies: Formation, Cosmology: Large-Scale Structure of Universe, Methods: Numerical, Galaxies: Quasars: Absorption Lines, Astrophysics},
         year = 1998,
        month = mar,
       volume = {495},
       number = {1},
        pages = {44-62},
          doi = {10.1086/305289},
archivePrefix = {arXiv},
       eprint = {astro-ph/9708018},
 primaryClass = {astro-ph},
       adsurl = {https://ui.adsabs.harvard.edu/abs/1998ApJ...495...44C},
      adsnote = {Provided by the SAO/NASA Astrophysics Data System}
}

% astrid
@ARTICLE{2022MNRAS.512.3703B,
       author = {{Bird}, Simeon and {Ni}, Yueying and {Di Matteo}, Tiziana and {Croft}, Rupert and {Feng}, Yu and {Chen}, Nianyi},
        title = "{The ASTRID simulation: galaxy formation and reionization}",
      journal = {MNRAS},
     keywords = {galaxies: formation, software: simulation, Astrophysics - Astrophysics of Galaxies},
         year = 2022,
        month = may,
       volume = {512},
       number = {3},
        pages = {3703-3716},
          doi = {10.1093/mnras/stac648},
archivePrefix = {arXiv},
       eprint = {2111.01160},
 primaryClass = {astro-ph.GA},
       adsurl = {https://ui.adsabs.harvard.edu/abs/2022MNRAS.512.3703B},
      adsnote = {Provided by the SAO/NASA Astrophysics Data System}
}

% black hole model
@ARTICLE{2022MNRAS.513..670N,
       author = {{Ni}, Yueying and {Di Matteo}, Tiziana and {Bird}, Simeon and {Croft}, Rupert and {Feng}, Yu and {Chen}, Nianyi and {Tremmel}, Michael and {DeGraf}, Colin and {Li}, Yin},
        title = "{The ASTRID simulation: the evolution of supermassive black holes}",
      journal = {MNRAS},
     keywords = {methods: numerical, galaxies: formation, Astrophysics - Astrophysics of Galaxies},
         year = 2022,
        month = jun,
       volume = {513},
       number = {1},
        pages = {670-692},
          doi = {10.1093/mnras/stac351},
archivePrefix = {arXiv},
       eprint = {2110.14154},
 primaryClass = {astro-ph.GA},
       adsurl = {https://ui.adsabs.harvard.edu/abs/2022MNRAS.513..670N},
      adsnote = {Provided by the SAO/NASA Astrophysics Data System}
}

% reionization temperature boost
@ARTICLE{2019ApJ...874..154D,
       author = {{D'Aloisio}, Anson and {McQuinn}, Matthew and {Maupin}, Oliver and {Davies}, Frederick B. and {Trac}, Hy and {Fuller}, Spencer and {Upton Sanderbeck}, Phoebe R.},
        title = "{Heating of the Intergalactic Medium by Hydrogen Reionization}",
      journal = {ApJ},
     keywords = {cosmology: theory, dark ages, reionization, first stars, galaxies: high-redshift, intergalactic medium, Astrophysics - Cosmology and Nongalactic Astrophysics, Astrophysics - Astrophysics of Galaxies},
         year = 2019,
        month = apr,
       volume = {874},
       number = {2},
          eid = {154},
        pages = {154},
          doi = {10.3847/1538-4357/ab0d83},
archivePrefix = {arXiv},
       eprint = {1807.09282},
 primaryClass = {astro-ph.CO},
       adsurl = {https://ui.adsabs.harvard.edu/abs/2019ApJ...874..154D},
      adsnote = {Provided by the SAO/NASA Astrophysics Data System}
}

% star formation model
@ARTICLE{2003MNRAS.339..289S,
       author = {{Springel}, Volker and {Hernquist}, Lars},
        title = "{Cosmological smoothed particle hydrodynamics simulations: a hybrid multiphase model for star formation}",
      journal = {MNRAS},
     keywords = {methods: numerical, galaxies: evolution, galaxies: formation, Astrophysics},
         year = 2003,
        month = feb,
       volume = {339},
       number = {2},
        pages = {289-311},
          doi = {10.1046/j.1365-8711.2003.06206.x},
archivePrefix = {arXiv},
       eprint = {astro-ph/0206393},
 primaryClass = {astro-ph},
       adsurl = {https://ui.adsabs.harvard.edu/abs/2003MNRAS.339..289S},
      adsnote = {Provided by the SAO/NASA Astrophysics Data System}
}

% star formation implementation
@ARTICLE{2016MNRAS.455.2778F,
       author = {{Feng}, Yu and {Di-Matteo}, Tiziana and {Croft}, Rupert A. and {Bird}, Simeon and {Battaglia}, Nicholas and {Wilkins}, Stephen},
        title = "{The BlueTides simulation: first galaxies and reionization}",
      journal = {MNRAS},
     keywords = {Galaxy: formation, dark ages, reionization, first stars, Astrophysics - Cosmology and Nongalactic Astrophysics, Astrophysics - Astrophysics of Galaxies},
         year = 2016,
        month = jan,
       volume = {455},
       number = {3},
        pages = {2778-2791},
          doi = {10.1093/mnras/stv2484},
archivePrefix = {arXiv},
       eprint = {1504.06619},
 primaryClass = {astro-ph.CO},
       adsurl = {https://ui.adsabs.harvard.edu/abs/2016MNRAS.455.2778F},
      adsnote = {Provided by the SAO/NASA Astrophysics Data System}
}

@ARTICLE{2015JCAP...11..011P,
       author = {{Palanque-Delabrouille}, Nathalie and {Y{\`e}che}, Christophe and {Baur}, Julien and {Magneville}, Christophe and {Rossi}, Graziano and {Lesgourgues}, Julien and {Borde}, Arnaud and {Burtin}, Etienne and {LeGoff}, Jean-Marc and {Rich}, James and {Viel}, Matteo and {Weinberg}, David},
        title = "{Neutrino masses and cosmology with Lyman-alpha forest power spectrum}",
      journal = {JCAP},
     keywords = {Astrophysics - Cosmology and Nongalactic Astrophysics},
         year = 2015,
        month = nov,
       volume = {2015},
       number = {11},
        pages = {011-011},
          doi = {10.1088/1475-7516/2015/11/011},
archivePrefix = {arXiv},
       eprint = {1506.05976},
 primaryClass = {astro-ph.CO},
       adsurl = {https://ui.adsabs.harvard.edu/abs/2015JCAP...11..011P},
      adsnote = {Provided by the SAO/NASA Astrophysics Data System}
}

@ARTICLE{2015JCAP...02..045P,
       author = {{Palanque-Delabrouille}, Nathalie and {Y{\`e}che}, Christophe and {Lesgourgues}, Julien and {Rossi}, Graziano and {Borde}, Arnaud and {Viel}, Matteo and {Aubourg}, Eric and {Kirkby}, David and {LeGoff}, Jean-Marc and {Rich}, James and {Roe}, Natalie and {Ross}, Nicholas P. and {Schneider}, Donald P. and {Weinberg}, David},
        title = "{Constraint on neutrino masses from SDSS-III/BOSS Ly{\ensuremath{\alpha}} forest and other cosmological probes}",
      journal = {\jcap},
     keywords = {Astrophysics - Cosmology and Nongalactic Astrophysics},
         year = 2015,
        month = feb,
       volume = {2015},
       number = {2},
        pages = {045-045},
          doi = {10.1088/1475-7516/2015/02/045},
archivePrefix = {arXiv},
       eprint = {1410.7244},
 primaryClass = {astro-ph.CO},
       adsurl = {https://ui.adsabs.harvard.edu/abs/2015JCAP...02..045P},
      adsnote = {Provided by the SAO/NASA Astrophysics Data System}
}


% wind model
@ARTICLE{2010MNRAS.406..208O,
       author = {{Okamoto}, Takashi and {Frenk}, Carlos S. and {Jenkins}, Adrian and {Theuns}, Tom},
        title = "{The properties of satellite galaxies in simulations of galaxy formation}",
      journal = {MNRAS},
     keywords = {methods: numerical, galaxies: evolution, galaxies: formation, cosmology: theory, Astrophysics - Cosmology and Nongalactic Astrophysics, Astrophysics - Astrophysics of Galaxies},
         year = 2010,
        month = jul,
       volume = {406},
       number = {1},
        pages = {208-222},
          doi = {10.1111/j.1365-2966.2010.16690.x},
archivePrefix = {arXiv},
       eprint = {0909.0265},
 primaryClass = {astro-ph.CO},
       adsurl = {https://ui.adsabs.harvard.edu/abs/2010MNRAS.406..208O},
      adsnote = {Provided by the SAO/NASA Astrophysics Data System}
}

% Ming-Feng's MF paper
@ARTICLE{2022MNRAS.509.2551H,
       author = {{Ho}, Ming-Feng and {Bird}, Simeon and {Shelton}, Christian R.},
        title = "{Multifidelity emulation for the matter power spectrum using Gaussian processes}",
      journal = {MNRAS},
     keywords = {methods: statistical, cosmology: theory, methods: numerical, Astrophysics - Cosmology and Nongalactic Astrophysics, Astrophysics - Instrumentation and Methods for Astrophysics},
         year = 2022,
        month = jan,
       volume = {509},
       number = {2},
        pages = {2551-2565},
          doi = {10.1093/mnras/stab3114},
archivePrefix = {arXiv},
       eprint = {2105.01081},
 primaryClass = {astro-ph.CO},
       adsurl = {https://ui.adsabs.harvard.edu/abs/2022MNRAS.509.2551H},
      adsnote = {Provided by the SAO/NASA Astrophysics Data System}
}

% Simeon's emulator paper
@ARTICLE{2019JCAP...02..050B,
       author = {{Bird}, Simeon and {Rogers}, Keir K. and {Peiris}, Hiranya V. and {Verde}, Licia and {Font-Ribera}, Andreu and {Pontzen}, Andrew},
        title = "{An emulator for the Lyman-{\ensuremath{\alpha}} forest}",
      journal = {JCAP},
     keywords = {Astrophysics - Cosmology and Nongalactic Astrophysics},
         year = 2019,
        month = feb,
       volume = {2019},
       number = {2},
          eid = {050},
        pages = {050},
          doi = {10.1088/1475-7516/2019/02/050},
archivePrefix = {arXiv},
       eprint = {1812.04654},
 primaryClass = {astro-ph.CO},
       adsurl = {https://ui.adsabs.harvard.edu/abs/2019JCAP...02..050B},
      adsnote = {Provided by the SAO/NASA Astrophysics Data System}
}

% Lya forest emulator for beyond LCDM
@ARTICLE{2021JCAP...05..033P,
       author = {{Pedersen}, Christian and {Font-Ribera}, Andreu and {Rogers}, Keir K. and {McDonald}, Patrick and {Peiris}, Hiranya V. and {Pontzen}, Andrew and {Slosar}, An{\v{z}}e},
        title = "{An emulator for the Lyman-{\ensuremath{\alpha}} forest in beyond-{\ensuremath{\Lambda}}CDM cosmologies}",
      journal = {JCAP},
     keywords = {cosmological parameters from LSS, cosmological simulations, Lyman alpha forest, neutrino masses from cosmology, Astrophysics - Cosmology and Nongalactic Astrophysics},
         year = 2021,
        month = may,
       volume = {2021},
       number = {5},
          eid = {033},
        pages = {033},
          doi = {10.1088/1475-7516/2021/05/033},
archivePrefix = {arXiv},
       eprint = {2011.15127},
 primaryClass = {astro-ph.CO},
       adsurl = {https://ui.adsabs.harvard.edu/abs/2021JCAP...05..033P},
      adsnote = {Provided by the SAO/NASA Astrophysics Data System}
}

% CLASS paper
@ARTICLE{2011arXiv1104.2932L,
       author = {{Lesgourgues}, Julien},
        title = "{The Cosmic Linear Anisotropy Solving System (CLASS) I: Overview}",
      journal = {arXiv e-prints},
     keywords = {Astrophysics - Instrumentation and Methods for Astrophysics, Astrophysics - Cosmology and Extragalactic Astrophysics},
         year = 2011,
        month = apr,
          eid = {arXiv:1104.2932},
        pages = {arXiv:1104.2932},
archivePrefix = {arXiv},
       eprint = {1104.2932},
 primaryClass = {astro-ph.IM},
       adsurl = {https://ui.adsabs.harvard.edu/abs/2011arXiv1104.2932L},
      adsnote = {Provided by the SAO/NASA Astrophysics Data System}
}

% Gadget-2 paper 
@ARTICLE{2005MNRAS.364.1105S,
       author = {{Springel}, Volker},
        title = "{The cosmological simulation code GADGET-2}",
      journal = {MNRAS},
     keywords = {methods: numerical, galaxies: interactions, dark matter, Astrophysics},
         year = 2005,
        month = dec,
       volume = {364},
       number = {4},
        pages = {1105-1134},
          doi = {10.1111/j.1365-2966.2005.09655.x},
archivePrefix = {arXiv},
       eprint = {astro-ph/0505010},
 primaryClass = {astro-ph},
       adsurl = {https://ui.adsabs.harvard.edu/abs/2005MNRAS.364.1105S},
      adsnote = {Provided by the SAO/NASA Astrophysics Data System}
}

% Simeon's transfer function paper
@ARTICLE{2020JCAP...06..002B,
       author = {{Bird}, Simeon and {Feng}, Yu and {Pedersen}, Christian and {Font-Ribera}, Andreu},
        title = "{More accurate simulations with separate initial conditions for baryons and dark matter}",
      journal = {JCAP},
     keywords = {Astrophysics - Cosmology and Nongalactic Astrophysics},
         year = 2020,
        month = jun,
       volume = {2020},
       number = {6},
          eid = {002},
        pages = {002},
          doi = {10.1088/1475-7516/2020/06/002},
archivePrefix = {arXiv},
       eprint = {2002.00015},
 primaryClass = {astro-ph.CO},
       adsurl = {https://ui.adsabs.harvard.edu/abs/2020JCAP...06..002B},
      adsnote = {Provided by the SAO/NASA Astrophysics Data System}
}

% Martin's transfer function paper
@ARTICLE{2021MNRAS.503.1668F,
       author = {{Fernandez}, M.~A. and {Bird}, Simeon and {Upton Sanderbeck}, Phoebe},
        title = "{Effect of separate initial conditions on the lyman-{\ensuremath{\alpha}} forest in simulations}",
      journal = {MNRAS},
     keywords = {software: simulations, methods: numerical, intergalactic medium, quasars: absorption lines, cosmology: theory, Astrophysics - Cosmology and Nongalactic Astrophysics},
         year = 2021,
        month = may,
       volume = {503},
       number = {2},
        pages = {1668-1679},
          doi = {10.1093/mnras/stab555},
archivePrefix = {arXiv},
       eprint = {2009.09119},
 primaryClass = {astro-ph.CO},
       adsurl = {https://ui.adsabs.harvard.edu/abs/2021MNRAS.503.1668F},
      adsnote = {Provided by the SAO/NASA Astrophysics Data System}
}

% Resolution requirements for lyman-a forest
@ARTICLE{2009MNRAS.398L..26B,
       author = {{Bolton}, James S. and {Becker}, George D.},
        title = "{Resolving the high redshift Ly{\ensuremath{\alpha}} forest in smoothed particle hydrodynamics simulations}",
      journal = {MNRAS},
     keywords = {methods: numerical, intergalactic medium, quasars: absorption lines, Astrophysics - Cosmology and Nongalactic Astrophysics},
         year = 2009,
        month = sep,
       volume = {398},
       number = {1},
        pages = {L26-L30},
          doi = {10.1111/j.1745-3933.2009.00700.x},
archivePrefix = {arXiv},
       eprint = {0906.2861},
 primaryClass = {astro-ph.CO},
       adsurl = {https://ui.adsabs.harvard.edu/abs/2009MNRAS.398L..26B},
      adsnote = {Provided by the SAO/NASA Astrophysics Data System}
}

% fake_spectra code
@MISC{2017ascl.soft10012B,
       author = {{Bird}, Simeon},
        title = "{FSFE: Fake Spectra Flux Extractor}",
     keywords = {Software},
         year = 2017,
        month = oct,
          eid = {ascl:1710.012},
        pages = {ascl:1710.012},
archivePrefix = {ascl},
       eprint = {1710.012},
       adsurl = {https://ui.adsabs.harvard.edu/abs/2017ascl.soft10012B},
      adsnote = {Provided by the SAO/NASA Astrophysics Data System}
}

% description of fake_spectra
@ARTICLE{2015MNRAS.447.1834B,
       author = {{Bird}, Simeon and {Haehnelt}, Martin and {Neeleman}, Marcel and
         {Genel}, Shy and {Vogelsberger}, Mark and {Hernquist}, Lars},
        title = "{Reproducing the kinematics of damped Lyman {\ensuremath{\alpha}} systems}",
      journal = {MNRAS},
     keywords = {galaxies: formation, intergalactic medium, cosmology: theory, Astrophysics - Astrophysics of Galaxies, Astrophysics - Cosmology and Nongalactic Astrophysics},
         year = 2015,
        month = feb,
       volume = {447},
       number = {2},
        pages = {1834-1846},
          doi = {10.1093/mnras/stu2542},
archivePrefix = {arXiv},
       eprint = {1407.7858},
 primaryClass = {astro-ph.GA},
       adsurl = {https://ui.adsabs.harvard.edu/abs/2015MNRAS.447.1834B},
      adsnote = {Provided by the SAO/NASA Astrophysics Data System}
}

@ARTICLE{2021JCAP...04..059W,
       author = {{Walther}, Michael and {Armengaud}, Eric and {Ravoux}, Corentin and {Palanque-Delabrouille}, Nathalie and {Y{\`e}che}, Christophe and {Luki{\'c}}, Zarija},
        title = "{Simulating intergalactic gas for DESI-like small scale Lyman{\ensuremath{\alpha}} forest observations}",
      journal = {JCAP},
     keywords = {cosmological simulations, hydrodynamical simulations, Lyman alpha forest, power spectrum, Astrophysics - Cosmology and Nongalactic Astrophysics},
         year = 2021,
        month = apr,
       volume = {2021},
       number = {4},
          eid = {059},
        pages = {059},
          doi = {10.1088/1475-7516/2021/04/059},
archivePrefix = {arXiv},
       eprint = {2012.04008},
 primaryClass = {astro-ph.CO},
       adsurl = {https://ui.adsabs.harvard.edu/abs/2021JCAP...04..059W},
      adsnote = {Provided by the SAO/NASA Astrophysics Data System}
}

@ARTICLE{2020ApJ...901..153D,
       author = {{du Mas des Bourboux}, H{\'e}lion and {Rich}, James and {Font-Ribera}, Andreu and {de Sainte Agathe}, Victoria and {Farr}, James and {Etourneau}, Thomas and {Le Goff}, Jean-Marc and {Cuceu}, Andrei and {Balland}, Christophe and {Bautista}, Julian E. and {Blomqvist}, Michael and {Brinkmann}, Jonathan and {Brownstein}, Joel R. and {Chabanier}, Sol{\`e}ne and {Chaussidon}, Edmond and {Dawson}, Kyle and {Gonz{\'a}lez-Morales}, Alma X. and {Guy}, Julien and {Lyke}, Brad W. and {de la Macorra}, Axel and {Mueller}, Eva-Maria and {Myers}, Adam D. and {Nitschelm}, Christian and {Mu{\~n}oz Guti{\'e}rrez}, Andrea and {Palanque-Delabrouille}, Nathalie and {Parker}, James and {Percival}, Will J. and {P{\'e}rez-R{\`a}fols}, Ignasi and {Petitjean}, Patrick and {Pieri}, Matthew M. and {Ravoux}, Corentin and {Rossi}, Graziano and {Schneider}, Donald P. and {Seo}, Hee-Jong and {Slosar}, An{\v{z}}e and {Stermer}, Julianna and {Vivek}, M. and {Y{\`e}che}, Christophe and {Youles}, Samantha},
        title = "{The Completed SDSS-IV Extended Baryon Oscillation Spectroscopic Survey: Baryon Acoustic Oscillations with Ly{\ensuremath{\alpha}} Forests}",
      journal = {ApJ},
     keywords = {Dark energy, Cosmology, Large-scale structure of the universe, Baryon acoustic oscillations, Ly{\ensuremath{\alpha}} forest, 351, 343, 902, 138, 980, Astrophysics - Cosmology and Nongalactic Astrophysics},
         year = 2020,
        month = oct,
       volume = {901},
       number = {2},
          eid = {153},
        pages = {153},
          doi = {10.3847/1538-4357/abb085},
archivePrefix = {arXiv},
       eprint = {2007.08995},
 primaryClass = {astro-ph.CO},
       adsurl = {https://ui.adsabs.harvard.edu/abs/2020ApJ...901..153D},
      adsnote = {Provided by the SAO/NASA Astrophysics Data System}
}

@ARTICLE{2013MNRAS.429.3341B,
       author = {{Bird}, Simeon and {Vogelsberger}, Mark and {Sijacki}, Debora and {Zaldarriaga}, Matias and {Springel}, Volker and {Hernquist}, Lars},
        title = "{Moving-mesh cosmology: properties of neutral hydrogen in absorption}",
      journal = {MNRAS},
     keywords = {galaxies: formation, intergalactic medium, cosmology: theory, Astrophysics - Cosmology and Nongalactic Astrophysics, Astrophysics - Astrophysics of Galaxies},
         year = 2013,
        month = mar,
       volume = {429},
       number = {4},
        pages = {3341-3352},
          doi = {10.1093/mnras/sts590},
archivePrefix = {arXiv},
       eprint = {1209.2118},
 primaryClass = {astro-ph.CO},
       adsurl = {https://ui.adsabs.harvard.edu/abs/2013MNRAS.429.3341B},
      adsnote = {Provided by the SAO/NASA Astrophysics Data System}
}

@ARTICLE{2021ApJ...919..120M,
       author = {{Morales}, Alexa M. and {Mason}, Charlotte A. and {Bruton}, Sean and {Gronke}, Max and {Haardt}, Francesco and {Scarlata}, Claudia},
        title = "{The Evolution of the Lyman-alpha Luminosity Function during Reionization}",
      journal = {ApJ},
     keywords = {Reionization, Early universe, Intergalactic medium, Galaxy evolution, Ly{\ensuremath{\alpha}} galaxies, Lyman-break galaxies, Luminosity function, 1383, 435, 813, 594, 978, 979, 942, Astrophysics - Astrophysics of Galaxies, Astrophysics - Cosmology and Nongalactic Astrophysics},
         year = 2021,
        month = oct,
       volume = {919},
       number = {2},
          eid = {120},
        pages = {120},
          doi = {10.3847/1538-4357/ac110410.48550/arXiv.2101.01205},
archivePrefix = {arXiv},
       eprint = {2101.01205},
 primaryClass = {astro-ph.GA},
       adsurl = {https://ui.adsabs.harvard.edu/abs/2021ApJ...919..120M},
      adsnote = {Provided by the SAO/NASA Astrophysics Data System}
}

@ARTICLE{1965ApJ...142.1633G,
       author = {{Gunn}, James E. and {Peterson}, Bruce A.},
        title = "{On the Density of Neutral Hydrogen in Intergalactic Space.}",
      journal = {ApJ},
         year = 1965,
        month = nov,
       volume = {142},
        pages = {1633-1636},
          doi = {10.1086/148444},
       adsurl = {https://ui.adsabs.harvard.edu/abs/1965ApJ...142.1633G},
      adsnote = {Provided by the SAO/NASA Astrophysics Data System}
}

@ARTICLE{2005ApJ...635..761M,
       author = {{McDonald}, Patrick and {Seljak}, Uro{\v{s}} and {Cen}, Renyue and {Shih}, David and {Weinberg}, David H. and {Burles}, Scott and {Schneider}, Donald P. and {Schlegel}, David J. and {Bahcall}, Neta A. and {Briggs}, John W. and {Brinkmann}, J. and {Fukugita}, Masataka and {Ivezi{\'c}}, {\v{Z}}eljko and {Kent}, Stephen and {Vanden Berk}, Daniel E.},
        title = "{The Linear Theory Power Spectrum from the Ly{\ensuremath{\alpha}} Forest in the Sloan Digital Sky Survey}",
      journal = {ApJ},
     keywords = {Cosmology: Theory, Galaxies: Intergalactic Medium, Cosmology: Large-Scale Structure of Universe, Galaxies: Quasars: Absorption Lines, Astrophysics},
         year = 2005,
        month = dec,
       volume = {635},
       number = {2},
        pages = {761-783},
          doi = {10.1086/497563},
archivePrefix = {arXiv},
       eprint = {astro-ph/0407377},
 primaryClass = {astro-ph},
       adsurl = {https://ui.adsabs.harvard.edu/abs/2005ApJ...635..761M},
      adsnote = {Provided by the SAO/NASA Astrophysics Data System}
}

% Planck results
@ARTICLE{2020A&A...641A...6P,
       author = {{Planck Collaboration} and {Aghanim}, N. and {Akrami}, Y. and {Ashdown}, M. and {Aumont}, J. and {Baccigalupi}, C. and {Ballardini}, M. and {Banday}, A.~J. and {Barreiro}, R.~B. and {Bartolo}, N. and {Basak}, S. and {Battye}, R. and {Benabed}, K. and {Bernard}, J. -P. and {Bersanelli}, M. and {Bielewicz}, P. and {Bock}, J.~J. and {Bond}, J.~R. and {Borrill}, J. and {Bouchet}, F.~R. and {Boulanger}, F. and {Bucher}, M. and {Burigana}, C. and {Butler}, R.~C. and {Calabrese}, E. and {Cardoso}, J. -F. and {Carron}, J. and {Challinor}, A. and {Chiang}, H.~C. and {Chluba}, J. and {Colombo}, L.~P.~L. and {Combet}, C. and {Contreras}, D. and {Crill}, B.~P. and {Cuttaia}, F. and {de Bernardis}, P. and {de Zotti}, G. and {Delabrouille}, J. and {Delouis}, J. -M. and {Di Valentino}, E. and {Diego}, J.~M. and {Dor{\'e}}, O. and {Douspis}, M. and {Ducout}, A. and {Dupac}, X. and {Dusini}, S. and {Efstathiou}, G. and {Elsner}, F. and {En{\ss}lin}, T.~A. and {Eriksen}, H.~K. and {Fantaye}, Y. and {Farhang}, M. and {Fergusson}, J. and {Fernandez-Cobos}, R. and {Finelli}, F. and {Forastieri}, F. and {Frailis}, M. and {Fraisse}, A.~A. and {Franceschi}, E. and {Frolov}, A. and {Galeotta}, S. and {Galli}, S. and {Ganga}, K. and {G{\'e}nova-Santos}, R.~T. and {Gerbino}, M. and {Ghosh}, T. and {Gonz{\'a}lez-Nuevo}, J. and {G{\'o}rski}, K.~M. and {Gratton}, S. and {Gruppuso}, A. and {Gudmundsson}, J.~E. and {Hamann}, J. and {Handley}, W. and {Hansen}, F.~K. and {Herranz}, D. and {Hildebrandt}, S.~R. and {Hivon}, E. and {Huang}, Z. and {Jaffe}, A.~H. and {Jones}, W.~C. and {Karakci}, A. and {Keih{\"a}nen}, E. and {Keskitalo}, R. and {Kiiveri}, K. and {Kim}, J. and {Kisner}, T.~S. and {Knox}, L. and {Krachmalnicoff}, N. and {Kunz}, M. and {Kurki-Suonio}, H. and {Lagache}, G. and {Lamarre}, J. -M. and {Lasenby}, A. and {Lattanzi}, M. and {Lawrence}, C.~R. and {Le Jeune}, M. and {Lemos}, P. and {Lesgourgues}, J. and {Levrier}, F. and {Lewis}, A. and {Liguori}, M. and {Lilje}, P.~B. and {Lilley}, M. and {Lindholm}, V. and {L{\'o}pez-Caniego}, M. and {Lubin}, P.~M. and {Ma}, Y. -Z. and {Mac{\'\i}as-P{\'e}rez}, J.~F. and {Maggio}, G. and {Maino}, D. and {Mandolesi}, N. and {Mangilli}, A. and {Marcos-Caballero}, A. and {Maris}, M. and {Martin}, P.~G. and {Martinelli}, M. and {Mart{\'\i}nez-Gonz{\'a}lez}, E. and {Matarrese}, S. and {Mauri}, N. and {McEwen}, J.~D. and {Meinhold}, P.~R. and {Melchiorri}, A. and {Mennella}, A. and {Migliaccio}, M. and {Millea}, M. and {Mitra}, S. and {Miville-Desch{\^e}nes}, M. -A. and {Molinari}, D. and {Montier}, L. and {Morgante}, G. and {Moss}, A. and {Natoli}, P. and {N{\o}rgaard-Nielsen}, H.~U. and {Pagano}, L. and {Paoletti}, D. and {Partridge}, B. and {Patanchon}, G. and {Peiris}, H.~V. and {Perrotta}, F. and {Pettorino}, V. and {Piacentini}, F. and {Polastri}, L. and {Polenta}, G. and {Puget}, J. -L. and {Rachen}, J.~P. and {Reinecke}, M. and {Remazeilles}, M. and {Renzi}, A. and {Rocha}, G. and {Rosset}, C. and {Roudier}, G. and {Rubi{\~n}o-Mart{\'\i}n}, J.~A. and {Ruiz-Granados}, B. and {Salvati}, L. and {Sandri}, M. and {Savelainen}, M. and {Scott}, D. and {Shellard}, E.~P.~S. and {Sirignano}, C. and {Sirri}, G. and {Spencer}, L.~D. and {Sunyaev}, R. and {Suur-Uski}, A. -S. and {Tauber}, J.~A. and {Tavagnacco}, D. and {Tenti}, M. and {Toffolatti}, L. and {Tomasi}, M. and {Trombetti}, T. and {Valenziano}, L. and {Valiviita}, J. and {Van Tent}, B. and {Vibert}, L. and {Vielva}, P. and {Villa}, F. and {Vittorio}, N. and {Wandelt}, B.~D. and {Wehus}, I.~K. and {White}, M. and {White}, S.~D.~M. and {Zacchei}, A. and {Zonca}, A.},
        title = "{Planck 2018 results. VI. Cosmological parameters}",
      journal = {Astron. Astrophys.},
     keywords = {cosmic background radiation, cosmological parameters, Astrophysics - Cosmology and Nongalactic Astrophysics},
         year = 2020,
        month = sep,
       volume = {641},
          eid = {A6},
        pages = {A6},
          doi = {10.1051/0004-6361/201833910},
archivePrefix = {arXiv},
       eprint = {1807.06209},
 primaryClass = {astro-ph.CO},
       adsurl = {https://ui.adsabs.harvard.edu/abs/2020A&A...641A...6P},
      adsnote = {Provided by the SAO/NASA Astrophysics Data System}
}

% SH0ES results
@ARTICLE{2022ApJ...934L...7R,
       author = {{Riess}, Adam G. and {Yuan}, Wenlong and {Macri}, Lucas M. and {Scolnic}, Dan and {Brout}, Dillon and {Casertano}, Stefano and {Jones}, David O. and {Murakami}, Yukei and {Anand}, Gagandeep S. and {Breuval}, Louise and {Brink}, Thomas G. and {Filippenko}, Alexei V. and {Hoffmann}, Samantha and {Jha}, Saurabh W. and {D'arcy Kenworthy}, W. and {Mackenty}, John and {Stahl}, Benjamin E. and {Zheng}, WeiKang},
        title = "{A Comprehensive Measurement of the Local Value of the Hubble Constant with 1 km s$^{-1}$ Mpc$^{-1}$ Uncertainty from the Hubble Space Telescope and the SH0ES Team}",
      journal = {Astrophys. J. Let.},
     keywords = {Hubble constant, 758, Astrophysics - Cosmology and Nongalactic Astrophysics},
         year = 2022,
        month = jul,
       volume = {934},
       number = {1},
          eid = {L7},
        pages = {L7},
          doi = {10.3847/2041-8213/ac5c5b},
archivePrefix = {arXiv},
       eprint = {2112.04510},
 primaryClass = {astro-ph.CO},
       adsurl = {https://ui.adsabs.harvard.edu/abs/2022ApJ...934L...7R},
      adsnote = {Provided by the SAO/NASA Astrophysics Data System}
}

@ARTICLE{2002PhRvD..66j3511L,
       author = {{Lewis}, Antony and {Bridle}, Sarah},
        title = "{Cosmological parameters from CMB and other data: A Monte Carlo approach}",
      journal = {Phys. Rev. D},
     keywords = {98.80.Es, 02.70.Uu, 14.60.Pq, Observational cosmology, Applications of Monte Carlo methods, Neutrino mass and mixing, Astrophysics, High Energy Physics - Phenomenology},
         year = 2002,
        month = nov,
       volume = {66},
       number = {10},
          eid = {103511},
        pages = {103511},
          doi = {10.1103/PhysRevD.66.103511},
archivePrefix = {arXiv},
       eprint = {astro-ph/0205436},
 primaryClass = {astro-ph},
       adsurl = {https://ui.adsabs.harvard.edu/abs/2002PhRvD..66j3511L},
      adsnote = {Provided by the SAO/NASA Astrophysics Data System}
}

@ARTICLE{2013PhRvD..87j3529L,
       author = {{Lewis}, Antony},
        title = "{Efficient sampling of fast and slow cosmological parameters}",
      journal = {Phys. Rev. D},
     keywords = {98.80.-k, 98.70.Vc, 98.80.Es, Cosmology, Background radiations, Observational cosmology, Astrophysics - Cosmology and Extragalactic Astrophysics},
         year = 2013,
        month = may,
       volume = {87},
       number = {10},
          eid = {103529},
        pages = {103529},
          doi = {10.1103/PhysRevD.87.103529},
archivePrefix = {arXiv},
       eprint = {1304.4473},
 primaryClass = {astro-ph.CO},
       adsurl = {https://ui.adsabs.harvard.edu/abs/2013PhRvD..87j3529L},
      adsnote = {Provided by the SAO/NASA Astrophysics Data System}
}

@ARTICLE{2005PhRvD..71f3534V,
       author = {{Viel}, Matteo and {Lesgourgues}, Julien and {Haehnelt}, Martin G. and {Matarrese}, Sabino and {Riotto}, Antonio},
        title = "{Constraining warm dark matter candidates including sterile neutrinos and light gravitinos with WMAP and the Lyman-{\ensuremath{\alpha}} forest}",
      journal = {Phys. Rev. D},
     keywords = {98.80.Cq, Particle-theory and field-theory models of the early Universe, Astrophysics, High Energy Physics - Theory},
         year = 2005,
        month = mar,
       volume = {71},
       number = {6},
          eid = {063534},
        pages = {063534},
          doi = {10.1103/PhysRevD.71.063534},
archivePrefix = {arXiv},
       eprint = {astro-ph/0501562},
 primaryClass = {astro-ph},
       adsurl = {https://ui.adsabs.harvard.edu/abs/2005PhRvD..71f3534V},
      adsnote = {Provided by the SAO/NASA Astrophysics Data System}
}

@ARTICLE{2013PhRvD..88d3502V,
       author = {{Viel}, Matteo and {Becker}, George D. and {Bolton}, James S. and {Haehnelt}, Martin G.},
        title = "{Warm dark matter as a solution to the small scale crisis: New constraints from high redshift Lyman-{\ensuremath{\alpha}} forest data}",
      journal = {Phys. Rev. D},
     keywords = {98.80.Cq, 95.35.+d, 98.62.Ra, Particle-theory and field-theory models of the early Universe, Dark matter, Intergalactic matter, quasar absorption and emission-line systems, Lyman forest, Astrophysics - Cosmology and Nongalactic Astrophysics},
         year = 2013,
        month = aug,
       volume = {88},
       number = {4},
          eid = {043502},
        pages = {043502},
          doi = {10.1103/PhysRevD.88.043502},
archivePrefix = {arXiv},
       eprint = {1306.2314},
 primaryClass = {astro-ph.CO},
       adsurl = {https://ui.adsabs.harvard.edu/abs/2013PhRvD..88d3502V},
      adsnote = {Provided by the SAO/NASA Astrophysics Data System}
}

@ARTICLE{2000ApJ...543....1M,
       author = {{McDonald}, Patrick and {Miralda-Escud{\'e}}, Jordi and {Rauch}, Michael and {Sargent}, Wallace L.~W. and {Barlow}, Tom A. and {Cen}, Renyue and {Ostriker}, Jeremiah P.},
        title = "{The Observed Probability Distribution Function, Power Spectrum, and Correlation Function of the Transmitted Flux in the Ly{\ensuremath{\alpha}} Forest}",
      journal = {ApJ},
     keywords = {Cosmology: Observations, Galaxies: Intergalactic Medium, Cosmology: Large-Scale Structure of Universe, Galaxies: Quasars: Absorption Lines, Astrophysics},
         year = 2000,
        month = nov,
       volume = {543},
       number = {1},
        pages = {1-23},
          doi = {10.1086/317079},
archivePrefix = {arXiv},
       eprint = {astro-ph/9911196},
 primaryClass = {astro-ph},
       adsurl = {https://ui.adsabs.harvard.edu/abs/2000ApJ...543....1M},
      adsnote = {Provided by the SAO/NASA Astrophysics Data System}
}

@ARTICLE{2001ApJ...552...15H,
       author = {{Hui}, Lam and {Burles}, Scott and {Seljak}, Uro{\v{s}} and {Rutledge}, Robert E. and {Magnier}, Eugene and {Tytler}, David},
        title = "{On Estimating the QSO Transmission Power Spectrum}",
      journal = {ApJ},
     keywords = {Cosmology: Observations, Galaxies: Intergalactic Medium, Cosmology: Large-Scale Structure of Universe, Methods: Data Analysis, Galaxies: Quasars: Absorption Lines, Astrophysics},
         year = 2001,
        month = may,
       volume = {552},
       number = {1},
        pages = {15-35},
          doi = {10.1086/320436},
archivePrefix = {arXiv},
       eprint = {astro-ph/0005049},
 primaryClass = {astro-ph},
       adsurl = {https://ui.adsabs.harvard.edu/abs/2001ApJ...552...15H},
      adsnote = {Provided by the SAO/NASA Astrophysics Data System}
}

@ARTICLE{2002MNRAS.329..848V,
       author = {{Viel}, M. and {Matarrese}, S. and {Mo}, H.~J. and {Haehnelt}, M.~G. and {Theuns}, Tom},
        title = "{Probing the intergalactic medium with the Ly{\ensuremath{\alpha}} forest along multiple lines of sight to distant QSOs}",
      journal = {MNRAS},
     keywords = {INTERGALACTIC MEDIUM, QUASARS: ABSORPTION LINES, COSMOLOGY: THEORY, LARGE-SCALE STRUCTURE OF UNIVERSE, Astrophysics},
         year = 2002,
        month = feb,
       volume = {329},
       number = {4},
        pages = {848-862},
          doi = {10.1046/j.1365-8711.2002.05060.x},
archivePrefix = {arXiv},
       eprint = {astro-ph/0105233},
 primaryClass = {astro-ph},
       adsurl = {https://ui.adsabs.harvard.edu/abs/2002MNRAS.329..848V},
      adsnote = {Provided by the SAO/NASA Astrophysics Data System}
}

@ARTICLE{2006MNRAS.365..231V,
       author = {{Viel}, Matteo and {Haehnelt}, Martin G.},
        title = "{Cosmological and astrophysical parameters from the Sloan Digital Sky Survey flux power spectrum and hydrodynamical simulations of the Lyman {\ensuremath{\alpha}} forest}",
      journal = {MNRAS},
     keywords = {intergalactic medium, quasars: absorption lines, cosmological parameters, large-scale structure of Universe, Astrophysics},
         year = 2006,
        month = jan,
       volume = {365},
       number = {1},
        pages = {231-244},
          doi = {10.1111/j.1365-2966.2005.09703.x},
archivePrefix = {arXiv},
       eprint = {astro-ph/0508177},
 primaryClass = {astro-ph},
       adsurl = {https://ui.adsabs.harvard.edu/abs/2006MNRAS.365..231V},
      adsnote = {Provided by the SAO/NASA Astrophysics Data System}
}

@ARTICLE{2006MNRAS.370L..51V,
       author = {{Viel}, Matteo and {Haehnelt}, Martin G. and {Lewis}, Antony},
        title = "{The Lyman {\ensuremath{\alpha}} forest and WMAP year three}",
      journal = {MNRAS},
     keywords = {cosmic microwave background: cosmological parameters: cosmology: observations: cosmology: theory: quasars: absorption lines, cosmic microwave background, cosmological parameters, cosmology: observations, cosmology: theory, quasars: absorption lines, Astrophysics},
         year = 2006,
        month = jul,
       volume = {370},
       number = {1},
        pages = {L51-L55},
          doi = {10.1111/j.1745-3933.2006.00187.x},
archivePrefix = {arXiv},
       eprint = {astro-ph/0604310},
 primaryClass = {astro-ph},
       adsurl = {https://ui.adsabs.harvard.edu/abs/2006MNRAS.370L..51V},
      adsnote = {Provided by the SAO/NASA Astrophysics Data System}
}

@ARTICLE{2009ApJ...704L..89M,
       author = {{McQuinn}, Matthew},
        title = "{The Implications of Gunn-Peterson Troughs in the He II Ly{\ensuremath{\alpha}} Forest}",
      journal = {ApJL},
     keywords = {diffuse radiation, intergalactic medium, quasars: absorption lines, Astrophysics - Cosmology and Extragalactic Astrophysics},
         year = 2009,
        month = oct,
       volume = {704},
       number = {2},
        pages = {L89-L92},
          doi = {10.1088/0004-637X/704/2/L8910.48550/arXiv.0905.0481},
archivePrefix = {arXiv},
       eprint = {0905.0481},
 primaryClass = {astro-ph.CO},
       adsurl = {https://ui.adsabs.harvard.edu/abs/2009ApJ...704L..89M},
      adsnote = {Provided by the SAO/NASA Astrophysics Data System}
}

@ARTICLE{2019ApJ...875..111W,
       author = {{Worseck}, G{\'a}bor and {Davies}, Frederick B. and {Hennawi}, Joseph F. and {Prochaska}, J. Xavier},
        title = "{The Evolution of the He II-ionizing Background at Redshifts \ensuremath{2.3 < z < 3.8} Inferred from a Statistical Sample of 24 HST/COS He II Ly{\ensuremath{\alpha}} Absorption Spectra}",
      journal = {ApJ]},
     keywords = {dark ages, reionization, first stars, diffuse radiation, intergalactic medium, quasars: absorption lines, Astrophysics - Astrophysics of Galaxies, Astrophysics - Cosmology and Nongalactic Astrophysics},
         year = 2019,
        month = apr,
       volume = {875},
       number = {2},
          eid = {111},
        pages = {111},
          doi = {10.3847/1538-4357/ab0fa1},
archivePrefix = {arXiv},
       eprint = {1808.05247},
 primaryClass = {astro-ph.GA},
       adsurl = {https://ui.adsabs.harvard.edu/abs/2019ApJ...875..111W},
      adsnote = {Provided by the SAO/NASA Astrophysics Data System}
}

@ARTICLE{2011ApJ...733L..24W,
       author = {{Worseck}, G{\'a}bor and {Prochaska}, J. Xavier and {McQuinn}, Matthew and {Dall'Aglio}, Aldo and {Fechner}, Cora and {Hennawi}, Joseph F. and {Reimers}, Dieter and {Richter}, Philipp and {Wisotzki}, Lutz},
        title = "{The End of Helium Reionization at \ensuremath{z \sim 2.7} Inferred from Cosmic Variance in HST/COS He II Ly{\ensuremath{\alpha}} Absorption Spectra}",
      journal = {ApJL},
     keywords = {dark ages, reionization, first stars, diffuse radiation, intergalactic medium, quasars: absorption lines, quasars: individual: SDSS J092447.36+485242.8 SDSS J110155.74+105302.3, Astrophysics - Cosmology and Extragalactic Astrophysics},
         year = 2011,
        month = jun,
       volume = {733},
       number = {2},
        pages = {L24},
          doi = {10.1088/2041-8205/733/2/L2410.48550/arXiv.1103.5752},
archivePrefix = {arXiv},
       eprint = {1103.5752},
 primaryClass = {astro-ph.CO},
       adsurl = {https://ui.adsabs.harvard.edu/abs/2011ApJ...733L..24W},
      adsnote = {Provided by the SAO/NASA Astrophysics Data System}
}

@ARTICLE{2006AJ....132..117F,
       author = {{Fan}, Xiaohui and {Strauss}, Michael A. and {Becker}, Robert H. and
         {White}, Richard L. and {Gunn}, James E. and {Knapp}, Gillian R. and
         {Richards}, Gordon T. and {Schneider}, Donald P. and {Brinkmann}, J. and
         {Fukugita}, Masataka},
        title = "{Constraining the Evolution of the Ionizing Background and the Epoch of Reionization with z\raisebox{-0.5ex}\textasciitilde6 Quasars. II. A Sample of 19 Quasars}",
      journal = {AJ},
     keywords = {Cosmology: Observations, Galaxies: Intergalactic Medium, Galaxies: Quasars: Absorption Lines, Galaxies: Quasars: General, Astrophysics},
         year = 2006,
        month = jul,
       volume = {132},
       number = {1},
        pages = {117-136},
          doi = {10.1086/504836},
archivePrefix = {arXiv},
       eprint = {astro-ph/0512082},
 primaryClass = {astro-ph},
       adsurl = {https://ui.adsabs.harvard.edu/abs/2006AJ....132..117F},
      adsnote = {Provided by the SAO/NASA Astrophysics Data System}
}

@ARTICLE{2005PhRvD..71j3515S,
       author = {{Seljak}, Uro{\v{s}} and {Makarov}, Alexey and {McDonald}, Patrick and {Anderson}, Scott F. and {Bahcall}, Neta A. and {Brinkmann}, J. and {Burles}, Scott and {Cen}, Renyue and {Doi}, Mamoru and {Gunn}, James E. and {Ivezi{\'c}}, {\v{Z}}eljko and {Kent}, Stephen and {Loveday}, Jon and {Lupton}, Robert H. and {Munn}, Jeffrey A. and {Nichol}, Robert C. and {Ostriker}, Jeremiah P. and {Schlegel}, David J. and {Schneider}, Donald P. and {Tegmark}, Max and {Berk}, Daniel E. and {Weinberg}, David H. and {York}, Donald G.},
        title = "{Cosmological parameter analysis including SDSS Ly{\ensuremath{\alpha}} forest and galaxy bias: Constraints on the primordial spectrum of fluctuations, neutrino mass, and dark energy}",
      journal = {Phys. Rev. D},
     keywords = {98.80.Es, Observational cosmology, Astrophysics, High Energy Physics - Experiment, High Energy Physics - Phenomenology},
         year = 2005,
        month = may,
       volume = {71},
       number = {10},
          eid = {103515},
        pages = {103515},
          doi = {10.1103/PhysRevD.71.103515},
archivePrefix = {arXiv},
       eprint = {astro-ph/0407372},
 primaryClass = {astro-ph},
       adsurl = {https://ui.adsabs.harvard.edu/abs/2005PhRvD..71j3515S},
      adsnote = {Provided by the SAO/NASA Astrophysics Data System}
}

@ARTICLE{2006ApJS..163...80M,
       author = {{McDonald}, Patrick and {Seljak}, Uro{\v{s}} and {Burles}, Scott and {Schlegel}, David J. and {Weinberg}, David H. and {Cen}, Renyue and {Shih}, David and {Schaye}, Joop and {Schneider}, Donald P. and {Bahcall}, Neta A. and {Briggs}, John W. and {Brinkmann}, J. and {Brunner}, Robert J. and {Fukugita}, Masataka and {Gunn}, James E. and {Ivezi{\'c}}, {\v{Z}}eljko and {Kent}, Stephen and {Lupton}, Robert H. and {Vanden Berk}, Daniel E.},
        title = "{The Ly{\ensuremath{\alpha}} Forest Power Spectrum from the Sloan Digital Sky Survey}",
      journal = {ApJS},
     keywords = {Cosmology: Observations, Galaxies: Intergalactic Medium, Cosmology: Large-Scale Structure of Universe, Methods: Data Analysis, Galaxies: Quasars: Absorption Lines, Astrophysics},
         year = 2006,
        month = mar,
       volume = {163},
       number = {1},
        pages = {80-109},
          doi = {10.1086/444361},
archivePrefix = {arXiv},
       eprint = {astro-ph/0405013},
 primaryClass = {astro-ph},
       adsurl = {https://ui.adsabs.harvard.edu/abs/2006ApJS..163...80M},
      adsnote = {Provided by the SAO/NASA Astrophysics Data System}
}

@ARTICLE{2006JCAP...10..014S,
       author = {{Seljak}, Uros and {Slosar}, Anze and {McDonald}, Patrick},
        title = "{Cosmological parameters from combining the Lyman-{\ensuremath{\alpha}} forest with CMB, galaxy clustering and SN constraints}",
      journal = {JCAP},
     keywords = {Astrophysics, High Energy Physics - Phenomenology},
         year = 2006,
        month = oct,
       volume = {2006},
       number = {10},
          eid = {014},
        pages = {014},
          doi = {10.1088/1475-7516/2006/10/014},
archivePrefix = {arXiv},
       eprint = {astro-ph/0604335},
 primaryClass = {astro-ph},
       adsurl = {https://ui.adsabs.harvard.edu/abs/2006JCAP...10..014S},
      adsnote = {Provided by the SAO/NASA Astrophysics Data System}
}

@ARTICLE{2015MNRAS.446.3697L,
       author = {{Luki{\'c}}, Zarija and {Stark}, Casey W. and {Nugent}, Peter and {White}, Martin and {Meiksin}, Avery A. and {Almgren}, Ann},
        title = "{The Lyman {\ensuremath{\alpha}} forest in optically thin hydrodynamical simulations}",
      journal = {MNRAS},
     keywords = {methods: numerical, intergalactic medium, quasars: absorption lines, large-scale structure of universe, Astrophysics - Cosmology and Nongalactic Astrophysics},
         year = 2015,
        month = feb,
       volume = {446},
       number = {4},
        pages = {3697-3724},
          doi = {10.1093/mnras/stu2377},
archivePrefix = {arXiv},
       eprint = {1406.6361},
 primaryClass = {astro-ph.CO},
       adsurl = {https://ui.adsabs.harvard.edu/abs/2015MNRAS.446.3697L},
      adsnote = {Provided by the SAO/NASA Astrophysics Data System}
}

@ARTICLE{1998MNRAS.301..478T,
       author = {{Theuns}, Tom and {Leonard}, Anthony and {Efstathiou}, George and {Pearce}, F.~R. and {Thomas}, P.~A.},
        title = "{P\^3M-SPH simulations of the Ly{\ensuremath{\alpha}} forest}",
      journal = {MNRAS},
     keywords = {HYDRODYNAMICS, QUASARS: ABSORPTION LINES, COSMOLOGY: THEORY, LARGE-SCALE STRUCTURE OF UNIVERSE, Astrophysics},
         year = 1998,
        month = dec,
       volume = {301},
       number = {2},
        pages = {478-502},
          doi = {10.1046/j.1365-8711.1998.02040.x},
archivePrefix = {arXiv},
       eprint = {astro-ph/9805119},
 primaryClass = {astro-ph},
       adsurl = {https://ui.adsabs.harvard.edu/abs/1998MNRAS.301..478T},
      adsnote = {Provided by the SAO/NASA Astrophysics Data System}
}

@ARTICLE{2020MNRAS.495.1825C,
       author = {{Chabanier}, Sol{\`e}ne and {Bournaud}, Fr{\'e}d{\'e}ric and {Dubois}, Yohan and {Palanque-Delabrouille}, Nathalie and {Y{\`e}che}, Christophe and {Armengaud}, Eric and {Peirani}, S{\'e}bastien and {Beckmann}, Ricarda},
        title = "{The impact of AGN feedback on the 1D power spectra from the Ly {\ensuremath{\alpha}} forest using the Horizon-AGN suite of simulations}",
      journal = {MNRAS},
     keywords = {(galaxies:)intergalactic medium, (galaxies:) quasars: absorption lines, (galaxies:) quasars: supermassive black holes, Astrophysics - Astrophysics of Galaxies, Astrophysics - Cosmology and Nongalactic Astrophysics},
         year = 2020,
        month = jun,
       volume = {495},
       number = {2},
        pages = {1825-1840},
          doi = {10.1093/mnras/staa1242},
archivePrefix = {arXiv},
       eprint = {2002.02822},
 primaryClass = {astro-ph.GA},
       adsurl = {https://ui.adsabs.harvard.edu/abs/2020MNRAS.495.1825C},
      adsnote = {Provided by the SAO/NASA Astrophysics Data System}
}

@ARTICLE{2013MNRAS.429.1734V,
       author = {{Viel}, Matteo and {Schaye}, Joop and {Booth}, C.~M.},
        title = "{The impact of feedback from galaxy formation on the Lyman {\ensuremath{\alpha}} transmitted flux}",
      journal = {MNRAS},
     keywords = {methods: numerical, galaxies: formation, intergalactic medium, quasars: absorption lines, cosmology: theory, Astrophysics - Cosmology and Nongalactic Astrophysics},
         year = 2013,
        month = feb,
       volume = {429},
       number = {2},
        pages = {1734-1746},
          doi = {10.1093/mnras/sts465},
archivePrefix = {arXiv},
       eprint = {1207.6567},
 primaryClass = {astro-ph.CO},
       adsurl = {https://ui.adsabs.harvard.edu/abs/2013MNRAS.429.1734V},
      adsnote = {Provided by the SAO/NASA Astrophysics Data System}
}

@ARTICLE{2017MNRAS.466.4332I,
       author = {{Ir{\v{s}}i{\v{c}}}, Vid and {Viel}, Matteo and {Berg}, Trystyn A.~M. and {D'Odorico}, Valentina and {Haehnelt}, Martin G. and {Cristiani}, Stefano and {Cupani}, Guido and {Kim}, Tae-Sun and {L{\'o}pez}, Sebastian and {Ellison}, Sara and {Becker}, George D. and {Christensen}, Lise and {Denney}, Kelly D. and {Worseck}, G{\'a}bor and {Bolton}, James S.},
        title = "{The Lyman {\ensuremath{\alpha}} forest power spectrum from the XQ-100 Legacy Survey}",
      journal = {MNRAS},
     keywords = {cosmology: observations, (cosmology:) large-scale structure of the universe, (galaxies:) intergalactic medium, methods: data analysis, intergalactic medium, large-scale structure of Universe, Astrophysics - Cosmology and Nongalactic Astrophysics},
         year = 2017,
        month = apr,
       volume = {466},
       number = {4},
        pages = {4332-4345},
          doi = {10.1093/mnras/stw3372},
archivePrefix = {arXiv},
       eprint = {1702.01761},
 primaryClass = {astro-ph.CO},
       adsurl = {https://ui.adsabs.harvard.edu/abs/2017MNRAS.466.4332I},
      adsnote = {Provided by the SAO/NASA Astrophysics Data System}
}

@ARTICLE{2022arXiv220914220V,
       author = {{Villasenor}, Bruno and {Robertson}, Brant and {Madau}, Piero and {Schneider}, Evan},
        title = "{New constraints on warm dark matter from the Lyman-{\ensuremath{\alpha}} forest power spectrum}",
      journal = {\prd},
     keywords = {Astrophysics - Cosmology and Nongalactic Astrophysics, Astrophysics - Astrophysics of Galaxies},
         year = 2023,
        month = jul,
       volume = {108},
       number = {2},
          eid = {023502},
        pages = {023502},
          doi = {10.1103/PhysRevD.108.023502},
archivePrefix = {arXiv},
       eprint = {2209.14220},
 primaryClass = {astro-ph.CO},
       adsurl = {https://ui.adsabs.harvard.edu/abs/2023PhRvD.108b3502V},
      adsnote = {Provided by the SAO/NASA Astrophysics Data System}
}

@ARTICLE{2017PhRvD..96b3522I,
       author = {{Ir{\v{s}}i{\v{c}}}, Vid and {Viel}, Matteo and {Haehnelt}, Martin G. and {Bolton}, James S. and {Cristiani}, Stefano and {Becker}, George D. and {D'Odorico}, Valentina and {Cupani}, Guido and {Kim}, Tae-Sun and {Berg}, Trystyn A.~M. and {L{\'o}pez}, Sebastian and {Ellison}, Sara and {Christensen}, Lise and {Denney}, Kelly D. and {Worseck}, G{\'a}bor},
        title = "{New constraints on the free-streaming of warm dark matter from intermediate and small scale Lyman-{\ensuremath{\alpha}} forest data}",
      journal = {Phys. Rev. D},
     keywords = {Astrophysics - Cosmology and Nongalactic Astrophysics, High Energy Physics - Theory},
         year = 2017,
        month = jul,
       volume = {96},
       number = {2},
          eid = {023522},
        pages = {023522},
          doi = {10.1103/PhysRevD.96.023522},
archivePrefix = {arXiv},
       eprint = {1702.01764},
 primaryClass = {astro-ph.CO},
       adsurl = {https://ui.adsabs.harvard.edu/abs/2017PhRvD..96b3522I},
      adsnote = {Provided by the SAO/NASA Astrophysics Data System}
}

@ARTICLE{2014MNRAS.438.2499B,
       author = {{Bolton}, James S. and {Becker}, George D. and {Haehnelt}, Martin G. and {Viel}, Matteo},
        title = "{A consistent determination of the temperature of the intergalactic medium at redshift z = 2.4}",
      journal = {MNRAS},
     keywords = {intergalactic medium, quasars: absorption lines, Astrophysics - Cosmology and Nongalactic Astrophysics},
         year = 2014,
        month = mar,
       volume = {438},
       number = {3},
        pages = {2499-2507},
          doi = {10.1093/mnras/stt2374},
archivePrefix = {arXiv},
       eprint = {1308.4411},
 primaryClass = {astro-ph.CO},
       adsurl = {https://ui.adsabs.harvard.edu/abs/2014MNRAS.438.2499B},
      adsnote = {Provided by the SAO/NASA Astrophysics Data System}
}

@ARTICLE{2008MNRAS.386.1131B,
       author = {{Bolton}, J.~S. and {Viel}, M. and {Kim}, T. -S. and {Haehnelt}, M.~G. and {Carswell}, R.~F.},
        title = "{Possible evidence for an inverted temperature-density relation in the intergalactic medium from the flux distribution of the Ly{\ensuremath{\alpha}} forest}",
      journal = {MNRAS},
     keywords = {hydrodynamics, methods: numerical, intergalactic medium, quasars: absorption lines, Astrophysics},
         year = 2008,
        month = may,
       volume = {386},
       number = {2},
        pages = {1131-1144},
          doi = {10.1111/j.1365-2966.2008.13114.x},
archivePrefix = {arXiv},
       eprint = {0711.2064},
 primaryClass = {astro-ph},
       adsurl = {https://ui.adsabs.harvard.edu/abs/2008MNRAS.386.1131B},
      adsnote = {Provided by the SAO/NASA Astrophysics Data System}
}

@ARTICLE{2021MNRAS.502.2356G,
       author = {{Garzilli}, Antonella and {Magalich}, Andrii and {Ruchayskiy}, Oleg and {Boyarsky}, Alexey},
        title = "{How to constrain warm dark matter with the Lyman-{\ensuremath{\alpha}} forest}",
      journal = {MNRAS},
     keywords = {methods: numerical, methods: observational, quasars: absorption lines, dark matter, large-scale structure of Universe, Astrophysics - Cosmology and Nongalactic Astrophysics, High Energy Physics - Phenomenology},
         year = 2021,
        month = apr,
       volume = {502},
       number = {2},
        pages = {2356-2363},
          doi = {10.1093/mnras/stab192},
archivePrefix = {arXiv},
       eprint = {1912.09397},
 primaryClass = {astro-ph.CO},
       adsurl = {https://ui.adsabs.harvard.edu/abs/2021MNRAS.502.2356G},
      adsnote = {Provided by the SAO/NASA Astrophysics Data System}
}

@ARTICLE{2013MNRAS.430.2067B,
       author = {{Becker}, George D. and {Hewett}, Paul C. and {Worseck}, G{\'a}bor and {Prochaska}, J. Xavier},
        title = "{A refined measurement of the mean transmitted flux in the Ly{\ensuremath{\alpha}} forest over \ensuremath{2 < z < 5} using composite quasar spectra}",
      journal = {MNRAS},
     keywords = {intergalactic medium, quasars: absorption lines, cosmology: observations, large-scale structure of Universe, Astrophysics - Cosmology and Nongalactic Astrophysics},
         year = 2013,
        month = apr,
       volume = {430},
       number = {3},
        pages = {2067-2081},
          doi = {10.1093/mnras/stt031},
archivePrefix = {arXiv},
       eprint = {1208.2584},
 primaryClass = {astro-ph.CO},
       adsurl = {https://ui.adsabs.harvard.edu/abs/2013MNRAS.430.2067B},
      adsnote = {Provided by the SAO/NASA Astrophysics Data System}
}

@ARTICLE{2007MNRAS.382.1657K,
       author = {{Kim}, T. -S. and {Bolton}, J.~S. and {Viel}, M. and {Haehnelt}, M.~G. and {Carswell}, R.~F.},
        title = "{An improved measurement of the flux distribution of the Ly{\ensuremath{\alpha}} forest in QSO absorption spectra: the effect of continuum fitting, metal contamination and noise properties}",
      journal = {MNRAS},
     keywords = {intergalactic medium, quasars: absorption lines, cosmology: observations, Astrophysics},
         year = 2007,
        month = dec,
       volume = {382},
       number = {4},
        pages = {1657-1674},
          doi = {10.1111/j.1365-2966.2007.12406.x},
archivePrefix = {arXiv},
       eprint = {0711.1862},
 primaryClass = {astro-ph},
       adsurl = {https://ui.adsabs.harvard.edu/abs/2007MNRAS.382.1657K},
      adsnote = {Provided by the SAO/NASA Astrophysics Data System}
}

@ARTICLE{2021arXiv211013293P,
       author = {{Paleyes}, Andrei and {Pullin}, Mark and {Mahsereci}, Maren and {McCollum}, Cliff and {Lawrence}, Neil D. and {Gonzalez}, Javier},
        title = "{Emulation of physical processes with Emukit}",
      journal = {arXiv e-prints},
     keywords = {Computer Science - Machine Learning},
         year = 2021,
        month = oct,
          eid = {arXiv:2110.13293},
        pages = {arXiv:2110.13293},
archivePrefix = {arXiv},
       eprint = {2110.13293},
 primaryClass = {cs.LG},
       adsurl = {https://ui.adsabs.harvard.edu/abs/2021arXiv211013293P},
      adsnote = {Provided by the SAO/NASA Astrophysics Data System}
}

@ARTICLE{2013AJ....145...10D,
       author = {{Dawson}, Kyle S. and {Schlegel}, David J. and {Ahn}, Christopher P. and {Anderson}, Scott F. and {Aubourg}, {\'E}ric and {Bailey}, Stephen and {Barkhouser}, Robert H. and {Bautista}, Julian E. and {Beifiori}, Alessandra and {Berlind}, Andreas A. and {Bhardwaj}, Vaishali and {Bizyaev}, Dmitry and {Blake}, Cullen H. and {Blanton}, Michael R. and {Blomqvist}, Michael and {Bolton}, Adam S. and {Borde}, Arnaud and {Bovy}, Jo and {Brandt}, W.~N. and {Brewington}, Howard and {Brinkmann}, Jon and {Brown}, Peter J. and {Brownstein}, Joel R. and {Bundy}, Kevin and {Busca}, N.~G. and {Carithers}, William and {Carnero}, Aurelio R. and {Carr}, Michael A. and {Chen}, Yanmei and {Comparat}, Johan and {Connolly}, Natalia and {Cope}, Frances and {Croft}, Rupert A.~C. and {Cuesta}, Antonio J. and {da Costa}, Luiz N. and {Davenport}, James R.~A. and {Delubac}, Timoth{\'e}e and {de Putter}, Roland and {Dhital}, Saurav and {Ealet}, Anne and {Ebelke}, Garrett L. and {Eisenstein}, Daniel J. and {Escoffier}, S. and {Fan}, Xiaohui and {Filiz Ak}, N. and {Finley}, Hayley and {Font-Ribera}, Andreu and {G{\'e}nova-Santos}, R. and {Gunn}, James E. and {Guo}, Hong and {Haggard}, Daryl and {Hall}, Patrick B. and {Hamilton}, Jean-Christophe and {Harris}, Ben and {Harris}, David W. and {Ho}, Shirley and {Hogg}, David W. and {Holder}, Diana and {Honscheid}, Klaus and {Huehnerhoff}, Joe and {Jordan}, Beatrice and {Jordan}, Wendell P. and {Kauffmann}, Guinevere and {Kazin}, Eyal A. and {Kirkby}, David and {Klaene}, Mark A. and {Kneib}, Jean-Paul and {Le Goff}, Jean-Marc and {Lee}, Khee-Gan and {Long}, Daniel C. and {Loomis}, Craig P. and {Lundgren}, Britt and {Lupton}, Robert H. and {Maia}, Marcio A.~G. and {Makler}, Martin and {Malanushenko}, Elena and {Malanushenko}, Viktor and {Mandelbaum}, Rachel and {Manera}, Marc and {Maraston}, Claudia and {Margala}, Daniel and {Masters}, Karen L. and {McBride}, Cameron K. and {McDonald}, Patrick and {McGreer}, Ian D. and {McMahon}, Richard G. and {Mena}, Olga and {Miralda-Escud{\'e}}, Jordi and {Montero-Dorta}, Antonio D. and {Montesano}, Francesco and {Muna}, Demitri and {Myers}, Adam D. and {Naugle}, Tracy and {Nichol}, Robert C. and {Noterdaeme}, Pasquier and {Nuza}, Sebasti{\'a}n E. and {Olmstead}, Matthew D. and {Oravetz}, Audrey and {Oravetz}, Daniel J. and {Owen}, Russell and {Padmanabhan}, Nikhil and {Palanque-Delabrouille}, Nathalie and {Pan}, Kaike and {Parejko}, John K. and {P{\^a}ris}, Isabelle and {Percival}, Will J. and {P{\'e}rez-Fournon}, Ismael and {P{\'e}rez-R{\`a}fols}, Ignasi and {Petitjean}, Patrick and {Pfaffenberger}, Robert and {Pforr}, Janine and {Pieri}, Matthew M. and {Prada}, Francisco and {Price-Whelan}, Adrian M. and {Raddick}, M. Jordan and {Rebolo}, Rafael and {Rich}, James and {Richards}, Gordon T. and {Rockosi}, Constance M. and {Roe}, Natalie A. and {Ross}, Ashley J. and {Ross}, Nicholas P. and {Rossi}, Graziano and {Rubi{\~n}o-Martin}, J.~A. and {Samushia}, Lado and {S{\'a}nchez}, Ariel G. and {Sayres}, Conor and {Schmidt}, Sarah J. and {Schneider}, Donald P. and {Sc{\'o}ccola}, C.~G. and {Seo}, Hee-Jong and {Shelden}, Alaina and {Sheldon}, Erin and {Shen}, Yue and {Shu}, Yiping and {Slosar}, An{\v{z}}e and {Smee}, Stephen A. and {Snedden}, Stephanie A. and {Stauffer}, Fritz and {Steele}, Oliver and {Strauss}, Michael A. and {Streblyanska}, Alina and {Suzuki}, Nao and {Swanson}, Molly E.~C. and {Tal}, Tomer and {Tanaka}, Masayuki and {Thomas}, Daniel and {Tinker}, Jeremy L. and {Tojeiro}, Rita and {Tremonti}, Christy A. and {Vargas Maga{\~n}a}, M. and {Verde}, Licia and {Viel}, Matteo and {Wake}, David A. and {Watson}, Mike and {Weaver}, Benjamin A. and {Weinberg}, David H. and {Weiner}, Benjamin J. and {West}, Andrew A. and {White}, Martin and {Wood-Vasey}, W.~M. and {Yeche}, Christophe and {Zehavi}, Idit and {Zhao}, Gong-Bo and {Zheng}, Zheng},
        title = "{The Baryon Oscillation Spectroscopic Survey of SDSS-III}",
      journal = {AJ},
     keywords = {cosmology: observations, surveys, Astrophysics - Cosmology and Nongalactic Astrophysics},
         year = 2013,
        month = jan,
       volume = {145},
       number = {1},
          eid = {10},
        pages = {10},
          doi = {10.1088/0004-6256/145/1/10},
archivePrefix = {arXiv},
       eprint = {1208.0022},
 primaryClass = {astro-ph.CO},
       adsurl = {https://ui.adsabs.harvard.edu/abs/2013AJ....145...10D},
      adsnote = {Provided by the SAO/NASA Astrophysics Data System}
}

@MISC{2011ascl.soft02026L,
       author = {{Lewis}, Antony and {Challinor}, Anthony},
        title = "{CAMB: Code for Anisotropies in the Microwave Background}",
     keywords = {Software},
 howpublished = {Astrophysics Source Code Library, record ascl:1102.026},
         year = 2011,
        month = feb,
          eid = {ascl:1102.026},
        pages = {ascl:1102.026},
archivePrefix = {ascl},
       eprint = {1102.026},
       adsurl = {https://ui.adsabs.harvard.edu/abs/2011ascl.soft02026L},
      adsnote = {Provided by the SAO/NASA Astrophysics Data System}
}

@ARTICLE{2013JCAP...04..026S,
       author = {{Slosar}, An{\v{z}}e and {Ir{\v{s}}i{\v{c}}}, Vid and {Kirkby}, David and {Bailey}, Stephen and {Busca}, Nicol{\'a}s G. and {Delubac}, Timoth{\'e}e and {Rich}, James and {Aubourg}, {\'E}ric and {Bautista}, Julian E. and {Bhardwaj}, Vaishali and {Blomqvist}, Michael and {Bolton}, Adam S. and {Bovy}, Jo and {Brownstein}, Joel and {Carithers}, Bill and {Croft}, Rupert A.~C. and {Dawson}, Kyle S. and {Font-Ribera}, Andreu and {Le Goff}, J. -M. and {Ho}, Shirley and {Honscheid}, Klaus and {Lee}, Khee-Gan and {Margala}, Daniel and {McDonald}, Patrick and {Medolin}, Bumbarija and {Miralda-Escud{\'e}}, Jordi and {Myers}, Adam D. and {Nichol}, Robert C. and {Noterdaeme}, Pasquier and {Palanque-Delabrouille}, Nathalie and {P{\^a}ris}, Isabelle and {Petitjean}, Patrick and {Pieri}, Matthew M. and {Pi{\v{s}}kur}, Yodovina and {Roe}, Natalie A. and {Ross}, Nicholas P. and {Rossi}, Graziano and {Schlegel}, David J. and {Schneider}, Donald P. and {Suzuki}, Nao and {Sheldon}, Erin S. and {Seljak}, Uro{\v{s}} and {Viel}, Matteo and {Weinberg}, David H. and {Y{\`e}che}, Christophe},
        title = "{Measurement of baryon acoustic oscillations in the Lyman-{\ensuremath{\alpha}} forest fluctuations in BOSS data release 9}",
      journal = {JCAP},
     keywords = {Astrophysics - Cosmology and Nongalactic Astrophysics, High Energy Physics - Experiment},
         year = 2013,
        month = apr,
       volume = {2013},
       number = {4},
          eid = {026},
        pages = {026},
          doi = {10.1088/1475-7516/2013/04/026},
archivePrefix = {arXiv},
       eprint = {1301.3459},
 primaryClass = {astro-ph.CO},
       adsurl = {https://ui.adsabs.harvard.edu/abs/2013JCAP...04..026S},
      adsnote = {Provided by the SAO/NASA Astrophysics Data System}
}

@ARTICLE{2011JCAP...09..001S,
       author = {{Slosar}, An{\v{z}}e and {Font-Ribera}, Andreu and {Pieri}, Matthew M. and {Rich}, James and {Le Goff}, Jean-Marc and {Aubourg}, {\'E}ric and {Brinkmann}, Jon and {Busca}, Nicolas and {Carithers}, Bill and {Charlassier}, Romain and {Cort{\^e}s}, Marina and {Croft}, Rupert and {Dawson}, Kyle S. and {Eisenstein}, Daniel and {Hamilton}, Jean-Christophe and {Ho}, Shirley and {Lee}, Khee-Gan and {Lupton}, Robert and {McDonald}, Patrick and {Medolin}, Bumbarija and {Muna}, Demitri and {Miralda-Escud{\'e}}, Jordi and {Myers}, Adam D. and {Nichol}, Robert C. and {Palanque-Delabrouille}, Nathalie and {P{\^a}ris}, Isabelle and {Petitjean}, Patrick and {Pi{\v{s}}kur}, Yodovina and {Rollinde}, Emmanuel and {Ross}, Nicholas P. and {Schlegel}, David J. and {Schneider}, Donald P. and {Sheldon}, Erin and {Weaver}, Benjamin A. and {Weinberg}, David H. and {Yeche}, Christophe and {York}, Donald G.},
        title = "{The Lyman-{\ensuremath{\alpha}} forest in three dimensions: measurements of large scale flux correlations from BOSS 1st-year data}",
      journal = {JCAP},
     keywords = {Astrophysics - Cosmology and Nongalactic Astrophysics},
         year = 2011,
        month = sep,
       volume = {2011},
       number = {9},
          eid = {001},
        pages = {001},
          doi = {10.1088/1475-7516/2011/09/001},
archivePrefix = {arXiv},
       eprint = {1104.5244},
 primaryClass = {astro-ph.CO},
       adsurl = {https://ui.adsabs.harvard.edu/abs/2011JCAP...09..001S},
      adsnote = {Provided by the SAO/NASA Astrophysics Data System}
}

@ARTICLE{2016AJ....151...44D,
       author = {{Dawson}, Kyle S. and {Kneib}, Jean-Paul and {Percival}, Will J. and {Alam}, Shadab and {Albareti}, Franco D. and {Anderson}, Scott F. and {Armengaud}, Eric and {Aubourg}, {\'E}ric and {Bailey}, Stephen and {Bautista}, Julian E. and {Berlind}, Andreas A. and {Bershady}, Matthew A. and {Beutler}, Florian and {Bizyaev}, Dmitry and {Blanton}, Michael R. and {Blomqvist}, Michael and {Bolton}, Adam S. and {Bovy}, Jo and {Brandt}, W.~N. and {Brinkmann}, Jon and {Brownstein}, Joel R. and {Burtin}, Etienne and {Busca}, N.~G. and {Cai}, Zheng and {Chuang}, Chia-Hsun and {Clerc}, Nicolas and {Comparat}, Johan and {Cope}, Frances and {Croft}, Rupert A.~C. and {Cruz-Gonzalez}, Irene and {da Costa}, Luiz N. and {Cousinou}, Marie-Claude and {Darling}, Jeremy and {de la Macorra}, Axel and {de la Torre}, Sylvain and {Delubac}, Timoth{\'e}e and {du Mas des Bourboux}, H{\'e}lion and {Dwelly}, Tom and {Ealet}, Anne and {Eisenstein}, Daniel J. and {Eracleous}, Michael and {Escoffier}, S. and {Fan}, Xiaohui and {Finoguenov}, Alexis and {Font-Ribera}, Andreu and {Frinchaboy}, Peter and {Gaulme}, Patrick and {Georgakakis}, Antonis and {Green}, Paul and {Guo}, Hong and {Guy}, Julien and {Ho}, Shirley and {Holder}, Diana and {Huehnerhoff}, Joe and {Hutchinson}, Timothy and {Jing}, Yipeng and {Jullo}, Eric and {Kamble}, Vikrant and {Kinemuchi}, Karen and {Kirkby}, David and {Kitaura}, Francisco-Shu and {Klaene}, Mark A. and {Laher}, Russ R. and {Lang}, Dustin and {Laurent}, Pierre and {Le Goff}, Jean-Marc and {Li}, Cheng and {Liang}, Yu and {Lima}, Marcos and {Lin}, Qiufan and {Lin}, Weipeng and {Lin}, Yen-Ting and {Long}, Daniel C. and {Lundgren}, Britt and {MacDonald}, Nicholas and {Geimba Maia}, Marcio Antonio and {Malanushenko}, Elena and {Malanushenko}, Viktor and {Mariappan}, Vivek and {McBride}, Cameron K. and {McGreer}, Ian D. and {M{\'e}nard}, Brice and {Merloni}, Andrea and {Meza}, Andres and {Montero-Dorta}, Antonio D. and {Muna}, Demitri and {Myers}, Adam D. and {Nandra}, Kirpal and {Naugle}, Tracy and {Newman}, Jeffrey A. and {Noterdaeme}, Pasquier and {Nugent}, Peter and {Ogando}, Ricardo and {Olmstead}, Matthew D. and {Oravetz}, Audrey and {Oravetz}, Daniel J. and {Padmanabhan}, Nikhil and {Palanque-Delabrouille}, Nathalie and {Pan}, Kaike and {Parejko}, John K. and {P{\^a}ris}, Isabelle and {Peacock}, John A. and {Petitjean}, Patrick and {Pieri}, Matthew M. and {Pisani}, Alice and {Prada}, Francisco and {Prakash}, Abhishek and {Raichoor}, Anand and {Reid}, Beth and {Rich}, James and {Ridl}, Jethro and {Rodriguez-Torres}, Sergio and {Carnero Rosell}, Aurelio and {Ross}, Ashley J. and {Rossi}, Graziano and {Ruan}, John and {Salvato}, Mara and {Sayres}, Conor and {Schneider}, Donald P. and {Schlegel}, David J. and {Seljak}, Uros and {Seo}, Hee-Jong and {Sesar}, Branimir and {Shandera}, Sarah and {Shu}, Yiping and {Slosar}, An{\v{z}}e and {Sobreira}, Flavia and {Streblyanska}, Alina and {Suzuki}, Nao and {Taylor}, Donna and {Tao}, Charling and {Tinker}, Jeremy L. and {Tojeiro}, Rita and {Vargas-Maga{\~n}a}, Mariana and {Wang}, Yuting and {Weaver}, Benjamin A. and {Weinberg}, David H. and {White}, Martin and {Wood-Vasey}, W.~M. and {Yeche}, Christophe and {Zhai}, Zhongxu and {Zhao}, Cheng and {Zhao}, Gong-bo and {Zheng}, Zheng and {Ben Zhu}, Guangtun and {Zou}, Hu},
        title = "{The SDSS-IV Extended Baryon Oscillation Spectroscopic Survey: Overview and Early Data}",
      journal = {AJ},
     keywords = {cosmology: observations, surveys, Astrophysics - Cosmology and Nongalactic Astrophysics},
         year = 2016,
        month = feb,
       volume = {151},
       number = {2},
          eid = {44},
        pages = {44},
          doi = {10.3847/0004-6256/151/2/44},
archivePrefix = {arXiv},
       eprint = {1508.04473},
 primaryClass = {astro-ph.CO},
       adsurl = {https://ui.adsabs.harvard.edu/abs/2016AJ....151...44D},
      adsnote = {Provided by the SAO/NASA Astrophysics Data System}
}

@ARTICLE{2017AJ....154..114O,
       author = {{O'Meara}, J.~M. and {Lehner}, N. and {Howk}, J.~C. and {Prochaska}, J.~X. and {Fox}, A.~J. and {Peeples}, M.~S. and {Tumlinson}, J. and {O'Shea}, B.~W.},
        title = "{The Second Data Release of the KODIAQ Survey}",
      journal = {AJ},
     keywords = {intergalactic medium, quasars: absorption lines, surveys, Astrophysics - Astrophysics of Galaxies},
         year = 2017,
        month = sep,
       volume = {154},
       number = {3},
          eid = {114},
        pages = {114},
          doi = {10.3847/1538-3881/aa82b8},
archivePrefix = {arXiv},
       eprint = {1707.07905},
 primaryClass = {astro-ph.GA},
       adsurl = {https://ui.adsabs.harvard.edu/abs/2017AJ....154..114O},
      adsnote = {Provided by the SAO/NASA Astrophysics Data System}
}

@ARTICLE{2018PhLB..783...76H,
       author = {{Huo}, Ran and {Kaplinghat}, Manoj and {Pan}, Zhen and {Yu}, Hai-Bo},
        title = "{Signatures of self-interacting dark matter in the matter power spectrum and the CMB}",
      journal = {Physics Letters B},
     keywords = {High Energy Physics - Phenomenology, Astrophysics - Cosmology and Nongalactic Astrophysics, Astrophysics - Astrophysics of Galaxies},
         year = 2018,
        month = aug,
       volume = {783},
        pages = {76-81},
          doi = {10.1016/j.physletb.2018.06.024},
archivePrefix = {arXiv},
       eprint = {1709.09717},
 primaryClass = {hep-ph},
       adsurl = {https://ui.adsabs.harvard.edu/abs/2018PhLB..783...76H},
      adsnote = {Provided by the SAO/NASA Astrophysics Data System}
}

@ARTICLE{2022MNRAS.516.5355A,
       author = {{Amon}, Alexandra and {Efstathiou}, George},
        title = "{A non-linear solution to the S$_{8}$ tension?}",
      journal = {\mnras},
     keywords = {cosmological parameters, cosmology: observations, Astrophysics - Cosmology and Nongalactic Astrophysics, Astrophysics - Astrophysics of Galaxies},
         year = 2022,
        month = nov,
       volume = {516},
       number = {4},
        pages = {5355-5366},
          doi = {10.1093/mnras/stac2429},
archivePrefix = {arXiv},
       eprint = {2206.11794},
 primaryClass = {astro-ph.CO},
       adsurl = {https://ui.adsabs.harvard.edu/abs/2022MNRAS.516.5355A},
      adsnote = {Provided by the SAO/NASA Astrophysics Data System}
}

@ARTICLE{2023arXiv230606316G,
       author = {{G{\"o}ksel Kara{\c{c}}ayl{\i}}, Naim and {Martini}, Paul and {Guy}, Julien and {Ravoux}, Corentin and {Karim}, Marie Lynn Abdul and {Armengaud}, Eric and {Walther}, Michael and {Aguilar}, J. and {Ahlen}, S. and {Bailey}, S. and {Bautista}, J. and {Beltran}, S.~F. and {Brooks}, D. and {Cabayol-Garcia}, L. and {Chabanier}, S. and {Chaussidon}, E. and {Chaves-Montero}, J. and {Dawson}, K. and {de la Cruz}, R. and {de la Macorra}, A. and {Doel}, P. and {Font-Ribera}, A. and {Forero-Romero}, J.~E. and {Gontcho}, S. Gontcho A and {Gonzalez-Morales}, A.~X. and {Gordon}, C. and {Herrera-Alcantar}, H. K and {Honscheid}, K. and {Ir{\v{s}}i{\v{c}}}, V. and {Ishak}, M. and {Kehoe}, R. and {Kisner}, T. and {Kremin}, A. and {Landriau}, M. and {Le Guillou}, L. and {Levi}, M.~E. and {Luki{\'c}}, Z. and {Meisner}, A. and {Miquel}, R. and {Moustakas}, J. and {Mueller}, E. and {Mu{\~n}oz-Guti{\'e}rrez}, A. and {Napolitano}, L. and {Nie}, J. and {Niz}, G. and {Palanque-Delabrouille}, N. and {Percival}, W.~J. and {Pieri}, M. and {Poppett}, C. and {Prada}, F. and {P{\'e}rez-R{\`a}fols}, I. and {Ram{\'\i}rez-P{\'e}rez}, C. and {Rossi}, G. and {Sanchez}, E. and {Seo}, H. and {Sinigaglia}, F. and {Tan}, T. and {Tarl{\'e}}, G. and {Wang}, B. and {Weaver}, B.~A. and {Y{\`e}che}, C. and {Zhou}, Z.},
        title = "{Optimal 1D Ly$\alpha$ Forest Power Spectrum Estimation -- III. DESI early data}",
      journal = {arXiv e-prints},
     keywords = {Astrophysics - Cosmology and Nongalactic Astrophysics},
         year = 2023,
        month = jun,
          eid = {arXiv:2306.06316},
        pages = {arXiv:2306.06316},
archivePrefix = {arXiv},
       eprint = {2306.06316},
 primaryClass = {astro-ph.CO},
       adsurl = {https://ui.adsabs.harvard.edu/abs/2023arXiv230606316G},
      adsnote = {Provided by the SAO/NASA Astrophysics Data System}
}

@ARTICLE{2023arXiv230606311R,
       author = {{Ravoux}, Corentin and {Karim}, Marie Lynn Abdul and {Armengaud}, Eric and {Walther}, Michael and {G{\"o}ksel Kara{\c{c}}ayl{\i}}, Naim and {Martini}, Paul and {Guy}, Julien and {Aguilar}, Jessica Nicole and {Ahlen}, Steven and {Bailey}, Stephen and {Bautista}, Julian and {Beltran}, Sergio Felipe and {Brooks}, David and {Cabayol-Garcia}, Laura and {Chabanier}, Sol{\`e}ne and {Chaussidon}, Edmond and {Chaves-Montero}, Jon{\'a}s and {Dawson}, Kyle and {de la Cruz}, Rodrigo and {de la Macorra}, Axel and {Doel}, Peter and {Fanning}, Kevin and {Font-Ribera}, Andreu and {Forero-Romero}, Jaime and {Gontcho}, Satya Gontcho A and {Gonzalez-Morales}, Alma and {Gordon}, Calum and {Herrera-Alcantar}, Hiram and {Honscheid}, Klaus and {Ir{\v{s}}i{\v{c}}}, Vid and {Ishak}, Mustapha and {Kehoe}, Robert and {Kisner}, Theodore and {Kremin}, Anthony and {Landriau}, Martin and {Le Guillou}, Laurent and {Levi}, Michael and {Luki{\'c}}, Zarija and {Magneville}, Christophe and {Meisner}, Aaron and {Miquel}, Ramon and {Moustakas}, John and {Mueller}, Eva-Maria and {Mu{\~n}oz-Guti{\'e}rrez}, Andrea and {Napolitano}, Lucas and {Nie}, Jundan and {Niz}, Gustavo and {Palanque-Delabrouille}, Nathalie and {Percival}, Will and {P{\'e}rez-R{\`a}fols}, Ignasi and {Pieri}, Matthew and {Poppett}, Claire and {Prada}, Francisco and {Ram{\'\i}rez P{\'e}rez}, C{\'e}sar and {Rossi}, Graziano and {Sanchez}, Eusebio and {Schlegel}, David and {Schubnell}, Michael and {Seo}, Hee-Jong and {Sinigaglia}, Francesco and {Tan}, Ting and {Tarl{\'e}}, Gregory and {Wang}, Ben and {Weaver}, Benjamin and {Y{\`e}che}, Christophe and {Zhou}, Zhimin},
        title = "{The Dark Energy Spectroscopic Instrument: One-dimensional power spectrum from first Lyman-$\alpha$ forest samples with Fast Fourier Transform}",
      journal = {arXiv e-prints},
     keywords = {Astrophysics - Cosmology and Nongalactic Astrophysics},
         year = 2023,
        month = jun,
          eid = {arXiv:2306.06311},
        pages = {arXiv:2306.06311},
archivePrefix = {arXiv},
       eprint = {2306.06311},
 primaryClass = {astro-ph.CO},
       adsurl = {https://ui.adsabs.harvard.edu/abs/2023arXiv230606311R},
      adsnote = {Provided by the SAO/NASA Astrophysics Data System}
}

@ARTICLE{2011MNRAS.413.1717B,
       author = {{Bird}, Simeon and {Peiris}, Hiranya V. and {Viel}, Matteo and {Verde}, Licia},
        title = "{Minimally parametric power spectrum reconstruction from the Lyman {\ensuremath{\alpha}} forest}",
      journal = {\mnras},
     keywords = {methods: numerical, methods: statistical, intergalactic medium, cosmology: theory, Astrophysics - Cosmology and Extragalactic Astrophysics},
         year = 2011,
        month = may,
       volume = {413},
       number = {3},
        pages = {1717-1728},
          doi = {10.1111/j.1365-2966.2011.18245.x},
archivePrefix = {arXiv},
       eprint = {1010.1519},
 primaryClass = {astro-ph.CO},
       adsurl = {https://ui.adsabs.harvard.edu/abs/2011MNRAS.413.1717B},
      adsnote = {Provided by the SAO/NASA Astrophysics Data System}
}

@ARTICLE{Springel:2021,
       author = {{Springel}, Volker and {Pakmor}, R{\"u}diger and {Zier}, Oliver and {Reinecke}, Martin},
        title = "{Simulating cosmic structure formation with the GADGET-4 code}",
      journal = {\mnras},
     keywords = {methods: numerical, galaxies: interactions, dark matter, Astrophysics - Instrumentation and Methods for Astrophysics, Astrophysics - Cosmology and Nongalactic Astrophysics},
         year = 2021,
        month = sep,
       volume = {506},
       number = {2},
        pages = {2871-2949},
          doi = {10.1093/mnras/stab1855},
archivePrefix = {arXiv},
       eprint = {2010.03567},
 primaryClass = {astro-ph.IM},
       adsurl = {https://ui.adsabs.harvard.edu/abs/2021MNRAS.506.2871S},
      adsnote = {Provided by the SAO/NASA Astrophysics Data System}
}

@ARTICLE{2022PhRvD.105b3520A,
       author = {{Abbott}, T.~M.~C. and {Aguena}, M. and {Alarcon}, A. and {Allam}, S. and {Alves}, O. and {Amon}, A. and {Andrade-Oliveira}, F. and {Annis}, J. and {Avila}, S. and {Bacon}, D. and {Baxter}, E. and {Bechtol}, K. and {Becker}, M.~R. and {Bernstein}, G.~M. and {Bhargava}, S. and {Birrer}, S. and {Blazek}, J. and {Brandao-Souza}, A. and {Bridle}, S.~L. and {Brooks}, D. and {Buckley-Geer}, E. and {Burke}, D.~L. and {Camacho}, H. and {Campos}, A. and {Carnero Rosell}, A. and {Carrasco Kind}, M. and {Carretero}, J. and {Castander}, F.~J. and {Cawthon}, R. and {Chang}, C. and {Chen}, A. and {Chen}, R. and {Choi}, A. and {Conselice}, C. and {Cordero}, J. and {Costanzi}, M. and {Crocce}, M. and {da Costa}, L.~N. and {da Silva Pereira}, M.~E. and {Davis}, C. and {Davis}, T.~M. and {De Vicente}, J. and {DeRose}, J. and {Desai}, S. and {Di Valentino}, E. and {Diehl}, H.~T. and {Dietrich}, J.~P. and {Dodelson}, S. and {Doel}, P. and {Doux}, C. and {Drlica-Wagner}, A. and {Eckert}, K. and {Eifler}, T.~F. and {Elsner}, F. and {Elvin-Poole}, J. and {Everett}, S. and {Evrard}, A.~E. and {Fang}, X. and {Farahi}, A. and {Fernandez}, E. and {Ferrero}, I. and {Fert{\'e}}, A. and {Fosalba}, P. and {Friedrich}, O. and {Frieman}, J. and {Garc{\'\i}a-Bellido}, J. and {Gatti}, M. and {Gaztanaga}, E. and {Gerdes}, D.~W. and {Giannantonio}, T. and {Giannini}, G. and {Gruen}, D. and {Gruendl}, R.~A. and {Gschwend}, J. and {Gutierrez}, G. and {Harrison}, I. and {Hartley}, W.~G. and {Herner}, K. and {Hinton}, S.~R. and {Hollowood}, D.~L. and {Honscheid}, K. and {Hoyle}, B. and {Huff}, E.~M. and {Huterer}, D. and {Jain}, B. and {James}, D.~J. and {Jarvis}, M. and {Jeffrey}, N. and {Jeltema}, T. and {Kovacs}, A. and {Krause}, E. and {Kron}, R. and {Kuehn}, K. and {Kuropatkin}, N. and {Lahav}, O. and {Leget}, P. -F. and {Lemos}, P. and {Liddle}, A.~R. and {Lidman}, C. and {Lima}, M. and {Lin}, H. and {MacCrann}, N. and {Maia}, M.~A.~G. and {Marshall}, J.~L. and {Martini}, P. and {McCullough}, J. and {Melchior}, P. and {Mena-Fern{\'a}ndez}, J. and {Menanteau}, F. and {Miquel}, R. and {Mohr}, J.~J. and {Morgan}, R. and {Muir}, J. and {Myles}, J. and {Nadathur}, S. and {Navarro-Alsina}, A. and {Nichol}, R.~C. and {Ogando}, R.~L.~C. and {Omori}, Y. and {Palmese}, A. and {Pandey}, S. and {Park}, Y. and {Paz-Chinch{\'o}n}, F. and {Petravick}, D. and {Pieres}, A. and {Plazas Malag{\'o}n}, A.~A. and {Porredon}, A. and {Prat}, J. and {Raveri}, M. and {Rodriguez-Monroy}, M. and {Rollins}, R.~P. and {Romer}, A.~K. and {Roodman}, A. and {Rosenfeld}, R. and {Ross}, A.~J. and {Rykoff}, E.~S. and {Samuroff}, S. and {S{\'a}nchez}, C. and {Sanchez}, E. and {Sanchez}, J. and {Sanchez Cid}, D. and {Scarpine}, V. and {Schubnell}, M. and {Scolnic}, D. and {Secco}, L.~F. and {Serrano}, S. and {Sevilla-Noarbe}, I. and {Sheldon}, E. and {Shin}, T. and {Smith}, M. and {Soares-Santos}, M. and {Suchyta}, E. and {Swanson}, M.~E.~C. and {Tabbutt}, M. and {Tarle}, G. and {Thomas}, D. and {To}, C. and {Troja}, A. and {Troxel}, M.~A. and {Tucker}, D.~L. and {Tutusaus}, I. and {Varga}, T.~N. and {Walker}, A.~R. and {Weaverdyck}, N. and {Wechsler}, R. and {Weller}, J. and {Yanny}, B. and {Yin}, B. and {Zhang}, Y. and {Zuntz}, J. and {DES Collaboration}},
        title = "{Dark Energy Survey Year 3 results: Cosmological constraints from galaxy clustering and weak lensing}",
      journal = {\prd},
     keywords = {Astrophysics - Cosmology and Nongalactic Astrophysics},
         year = 2022,
        month = jan,
       volume = {105},
       number = {2},
          eid = {023520},
        pages = {023520},
          doi = {10.1103/PhysRevD.105.023520},
archivePrefix = {arXiv},
       eprint = {2105.13549},
 primaryClass = {astro-ph.CO},
       adsurl = {https://ui.adsabs.harvard.edu/abs/2022PhRvD.105b3520A},
      adsnote = {Provided by the SAO/NASA Astrophysics Data System}
}

@ARTICLE{2016ApJ...825..144W,
       author = {{Worseck}, G{\'a}bor and {Prochaska}, J. Xavier and {Hennawi}, Joseph F. and {McQuinn}, Matthew},
        title = "{Early and Extended Helium Reionization over More Than 600 Million Years of Cosmic Time}",
      journal = {\apj},
     keywords = {dark ages, reionization, first stars, diffuse radiation, intergalactic medium, quasars: absorption lines, Astrophysics - Cosmology and Nongalactic Astrophysics},
         year = 2016,
        month = jul,
       volume = {825},
       number = {2},
          eid = {144},
        pages = {144},
          doi = {10.3847/0004-637X/825/2/144},
archivePrefix = {arXiv},
       eprint = {1405.7405},
 primaryClass = {astro-ph.CO},
       adsurl = {https://ui.adsabs.harvard.edu/abs/2016ApJ...825..144W},
      adsnote = {Provided by the SAO/NASA Astrophysics Data System}
}

@ARTICLE{2021ApJ...912...38M,
       author = {{Makan}, Kirill and {Worseck}, G{\'a}bor and {Davies}, Frederick B. and {Hennawi}, Joseph F. and {Prochaska}, J. Xavier and {Richter}, Philipp},
        title = "{New Evidence for Extended He II Reionization at z {\ensuremath{\gtrsim}} 3.5 from He II Lyman Alpha and Beta Transmission Spikes}",
      journal = {\apj},
     keywords = {Cosmic background radiation, Hubble Space Telescope, Intergalactic medium, Quasar absorption line spectroscopy, Reionization, Ultraviolet astronomy, 317, 761, 813, 1317, 1383, 1736, Astrophysics - Cosmology and Nongalactic Astrophysics},
         year = 2021,
        month = may,
       volume = {912},
       number = {1},
          eid = {38},
        pages = {38},
          doi = {10.3847/1538-4357/abee17},
archivePrefix = {arXiv},
       eprint = {2012.07876},
 primaryClass = {astro-ph.CO},
       adsurl = {https://ui.adsabs.harvard.edu/abs/2021ApJ...912...38M},
      adsnote = {Provided by the SAO/NASA Astrophysics Data System}
}

@ARTICLE{2023arXiv230706360T,
@ARTICLE{2023AJ....166..228T,
       author = {{Tillman}, Megan Taylor and {Burkhart}, Blakesley and {Tonnesen}, Stephanie and {Bird}, Simeon and {Bryan}, Greg L. and {Angl{\'e}s-Alc{\'a}zar}, Daniel and {Hassan}, Sultan and {Somerville}, Rachel S. and {Dav{\'e}}, Romeel and {Marinacci}, Federico and {Hernquist}, Lars and {Vogelsberger}, Mark},
        title = "{An Exploration of AGN and Stellar Feedback Effects in the Intergalactic Medium via the Low-redshift Ly{\ensuremath{\alpha}} Forest}",
      journal = {\aj},
     keywords = {Cosmology, Extragalactic astronomy, Intergalactic gas, Lyman alpha forest, Active galactic nuclei, Intergalactic medium, Stellar feedback, Supermassive black holes, 343, 506, 812, 980, 16, 813, 1602, 1663, Astrophysics - Astrophysics of Galaxies, Astrophysics - Cosmology and Nongalactic Astrophysics},
         year = 2023,
        month = dec,
       volume = {166},
       number = {6},
          eid = {228},
        pages = {228},
          doi = {10.3847/1538-3881/ad02f5},
archivePrefix = {arXiv},
       eprint = {2307.06360},
 primaryClass = {astro-ph.GA},
       adsurl = {https://ui.adsabs.harvard.edu/abs/2023AJ....166..228T},
      adsnote = {Provided by the SAO/NASA Astrophysics Data System}
}

@ARTICLE{2023MNRAS.524.1464P,
       author = {{P{\'e}rez-R{\`a}fols}, Ignasi and {Pieri}, Matthew M. and {Blomqvist}, Michael and {Morrison}, Sean and {Som}, Debopam and {Cuceu}, Andrei},
        title = "{The cross-correlation of galaxies in absorption with the Lyman {\ensuremath{\alpha}} forest}",
      journal = {\mnras},
     keywords = {methods: data analysis, cosmology: observations, (cosmology:) large-scale structure of Universe, Astrophysics - Cosmology and Nongalactic Astrophysics},
         year = 2023,
        month = sep,
       volume = {524},
       number = {1},
        pages = {1464-1477},
          doi = {10.1093/mnras/stad1994},
archivePrefix = {arXiv},
       eprint = {2210.02973},
 primaryClass = {astro-ph.CO},
       adsurl = {https://ui.adsabs.harvard.edu/abs/2023MNRAS.524.1464P},
      adsnote = {Provided by the SAO/NASA Astrophysics Data System}
}

@ARTICLE{2023ApJ...944..223P,
       author = {{Pedersen}, Christian and {Font-Ribera}, Andreu and {Gnedin}, Nickolay Y.},
        title = "{Compressing the Cosmological Information in One-dimensional Correlations of the Lyman-{\ensuremath{\alpha}} Forest}",
      journal = {\apj},
     keywords = {Cosmology, Lyman alpha forest, Astronomy data reduction, Large-scale structure of the universe, 343, 980, 1861, 902, Astrophysics - Cosmology and Nongalactic Astrophysics},
         year = 2023,
        month = feb,
       volume = {944},
       number = {2},
          eid = {223},
        pages = {223},
          doi = {10.3847/1538-4357/acb433},
archivePrefix = {arXiv},
       eprint = {2209.09895},
 primaryClass = {astro-ph.CO},
       adsurl = {https://ui.adsabs.harvard.edu/abs/2023ApJ...944..223P},
      adsnote = {Provided by the SAO/NASA Astrophysics Data System}
}

@ARTICLE{Rahmati:2013,
       author = {{Rahmati}, Alireza and {Pawlik}, Andreas H. and {Rai{\v{c}}evi{\'c}}, Milan and {Schaye}, Joop},
        title = "{On the evolution of the H I column density distribution in cosmological simulations}",
      journal = {\mnras},
     keywords = {radiative transfer, methods: numerical, galaxies: evolution, galaxies: formation, galaxies: high-redshift, intergalactic medium, Astrophysics - Cosmology and Extragalactic Astrophysics},
         year = 2013,
        month = apr,
       volume = {430},
       number = {3},
        pages = {2427-2445},
          doi = {10.1093/mnras/stt066},
archivePrefix = {arXiv},
       eprint = {1210.7808},
 primaryClass = {astro-ph.CO},
       adsurl = {https://ui.adsabs.harvard.edu/abs/2013MNRAS.430.2427R},
      adsnote = {Provided by the SAO/NASA Astrophysics Data System}
}

@ARTICLE{2023arXiv230300746G,
       author = {{Goldstein}, Samuel and {Hill}, J. Colin and {Ir{\v{s}}i{\v{c}}}, Vid and {Sherwin}, Blake D.},
        title = "{Canonical Hubble-Tension-Resolving Early Dark Energy Cosmologies Are Inconsistent with the Lyman-{\ensuremath{\alpha}} Forest}",
      journal = {\prl},
     keywords = {Astrophysics - Cosmology and Nongalactic Astrophysics, High Energy Physics - Phenomenology},
         year = 2023,
        month = nov,
       volume = {131},
       number = {20},
          eid = {201001},
        pages = {201001},
          doi = {10.1103/PhysRevLett.131.201001},
archivePrefix = {arXiv},
       eprint = {2303.00746},
 primaryClass = {astro-ph.CO},
       adsurl = {https://ui.adsabs.harvard.edu/abs/2023PhRvL.131t1001G},
      adsnote = {Provided by the SAO/NASA Astrophysics Data System}
}

@ARTICLE{2023arXiv230402038G,
       author = {{Gaikwad}, Prakash and {Haehnelt}, Martin G. and {Davies}, Fredrick B. and {Bosman}, Sarah E.~I. and {Molaro}, Margherita and {Kulkarni}, Girish and {D'Odorico}, Valentina and {Becker}, George D. and {Davies}, Rebecca L. and {Nasir}, Fahad and {Bolton}, James S. and {Keating}, Laura C. and {Ir{\v{s}}i{\v{c}}}, Vid and {Puchwein}, Ewald and {Zhu}, Yongda and {Asthana}, Shikhar and {Yang}, Jinyi and {Lai}, Samuel and {Eilers}, Anna-Christina},
        title = "{Measuring the photoionization rate, neutral fraction, and mean free path of H I ionizing photons at 4.9 {\ensuremath{\leq}} z {\ensuremath{\leq}} 6.0 from a large sample of XShooter and ESI spectra}",
      journal = {\mnras},
     keywords = {methods: numerical, galaxies: intergalactic medium, quasars: absorption lines, cosmology: large-scale structure of Universe, Astrophysics - Cosmology and Nongalactic Astrophysics, Astrophysics - Astrophysics of Galaxies},
         year = 2023,
        month = nov,
       volume = {525},
       number = {3},
        pages = {4093-4120},
          doi = {10.1093/mnras/stad2566},
archivePrefix = {arXiv},
       eprint = {2304.02038},
 primaryClass = {astro-ph.CO},
       adsurl = {https://ui.adsabs.harvard.edu/abs/2023MNRAS.525.4093G},
      adsnote = {Provided by the SAO/NASA Astrophysics Data System}
}

@ARTICLE{2018MNRAS.475..676S,
       author = {{Springel}, Volker and {Pakmor}, R{\"u}diger and {Pillepich}, Annalisa and {Weinberger}, Rainer and {Nelson}, Dylan and {Hernquist}, Lars and {Vogelsberger}, Mark and {Genel}, Shy and {Torrey}, Paul and {Marinacci}, Federico and {Naiman}, Jill},
        title = "{First results from the IllustrisTNG simulations: matter and galaxy clustering}",
      journal = {\mnras},
     keywords = {methods: numerical, galaxy formation, large-scale structure of Universe, Astrophysics - Astrophysics of Galaxies, Astrophysics - Cosmology and Nongalactic Astrophysics},
         year = 2018,
        month = mar,
       volume = {475},
       number = {1},
        pages = {676-698},
          doi = {10.1093/mnras/stx3304},
archivePrefix = {arXiv},
       eprint = {1707.03397},
 primaryClass = {astro-ph.GA},
       adsurl = {https://ui.adsabs.harvard.edu/abs/2018MNRAS.475..676S},
      adsnote = {Provided by the SAO/NASA Astrophysics Data System}
}

@ARTICLE{Montero:2019,
       author = {{Montero-Camacho}, Paulo and {Hirata}, Christopher M. and {Martini}, Paul and {Honscheid}, Klaus},
        title = "{Impact of inhomogeneous reionization on the Lyman-{\ensuremath{\alpha}} forest}",
      journal = {\mnras},
     keywords = {intergalactic medium, dark ages, reionization, first stars, Astrophysics - Cosmology and Nongalactic Astrophysics},
         year = 2019,
        month = jul,
       volume = {487},
       number = {1},
        pages = {1047-1056},
          doi = {10.1093/mnras/stz1388},
archivePrefix = {arXiv},
       eprint = {1902.02892},
 primaryClass = {astro-ph.CO},
       adsurl = {https://ui.adsabs.harvard.edu/abs/2019MNRAS.487.1047M},
      adsnote = {Provided by the SAO/NASA Astrophysics Data System}
}

@ARTICLE{Ho:2020,
       author = {{Ho}, Ming-Feng and {Bird}, Simeon and {Garnett}, Roman},
        title = "{Detecting Multiple DLAs per Spectrum in SDSS DR12 with Gaussian Processes}",
      journal = {\mnras},
     keywords = {UAT:813, galaxies: statistics, methods: statistical, quasar: absorption lines, Astrophysics - Cosmology and Nongalactic Astrophysics, Astrophysics - Astrophysics of Galaxies, Physics - Data Analysis, Statistics and Probability},
         year = 2020,
        month = jun,
          doi = {10.1093/mnras/staa1806},
archivePrefix = {arXiv},
       eprint = {2003.11036},
 primaryClass = {astro-ph.CO},
       adsurl = {https://ui.adsabs.harvard.edu/abs/2020MNRAS.tmp.1942H},
      adsnote = {Provided by the SAO/NASA Astrophysics Data System}
}

@ARTICLE{Parks:2018,
       author = {{Parks}, David and {Prochaska}, J. Xavier and {Dong}, Shawfeng and
         {Cai}, Zheng},
        title = "{Deep learning of quasar spectra to discover and characterize damped Ly{\ensuremath{\alpha}} systems}",
      journal = {\mnras},
     keywords = {techniques: spectroscopic, quasars: absorption lines, Astrophysics - Astrophysics of Galaxies},
         year = "2018",
        month = "May",
       volume = {476},
       number = {1},
        pages = {1151-1168},
          doi = {10.1093/mnras/sty196},
archivePrefix = {arXiv},
       eprint = {1709.04962},
 primaryClass = {astro-ph.GA},
       adsurl = {https://ui.adsabs.harvard.edu/abs/2018MNRAS.476.1151P},
      adsnote = {Provided by the SAO/NASA Astrophysics Data System}
}

@ARTICLE{Prochaska:2009a,
   author = {{Prochaska}, J.~X. and {Worseck}, G. and {O'Meara}, J.~M.},
    title = "{A Direct Measurement of the Intergalactic Medium Opacity to H I Ionizing Photons}",
  journal = {\apjl},
archivePrefix = "arXiv",
   eprint = {0910.0009},
 keywords = {intergalactic medium, large-scale structure of universe, quasars: absorption lines},
     year = 2009,
    month = nov,
   volume = 705,
    pages = {L113-L117},
      doi = {10.1088/0004-637X/705/2/L113},
   adsurl = {http://adsabs.harvard.edu/abs/2009ApJ...705L.113P},
  adsnote = {Provided by the SAO/NASA Astrophysics Data System}
}

@ARTICLE{Worseck:2011,
   author = {{Worseck}, G. and {Prochaska}, J.~X.},
    title = "{GALEX Far-ultraviolet Color Selection of UV-bright High-redshift Quasars}",
  journal = {\apj},
archivePrefix = "arXiv",
   eprint = {1004.3347},
 keywords = {diffuse radiation, intergalactic medium, quasars: absorption lines, surveys, techniques: photometric, ultraviolet: galaxies},
     year = 2011,
    month = feb,
   volume = 728,
      eid = {23},
    pages = {23},
      doi = {10.1088/0004-637X/728/1/23},
   adsurl = {http://adsabs.harvard.edu/abs/2011ApJ...728...23W},
  adsnote = {Provided by the SAO/NASA Astrophysics Data System}
}

@ARTICLE{Fumagalli:2013,
   author = {{Fumagalli}, M. and {O'Meara}, J.~M. and {Prochaska}, J.~X. and 
	{Worseck}, G.},
    title = "{Dissecting the Properties of Optically Thick Hydrogen at the Peak of Cosmic Star Formation History}",
  journal = {\apj},
archivePrefix = "arXiv",
   eprint = {1308.1101},
 keywords = {cosmology: observations, galaxies: halos, galaxies: high-redshift, intergalactic medium, quasars: absorption lines},
     year = 2013,
    month = sep,
   volume = 775,
      eid = {78},
    pages = {78},
      doi = {10.1088/0004-637X/775/1/78},
   adsurl = {http://adsabs.harvard.edu/abs/2013ApJ...775...78F},
  adsnote = {Provided by the SAO/NASA Astrophysics Data System}
}

@ARTICLE{2023arXiv230405202Q,
       author = {{Qu}, Frank J. and {Sherwin}, Blake D. and {Madhavacheril}, Mathew S. and {Han}, Dongwon and {Crowley}, Kevin T. and {Abril-Cabezas}, Irene and {Ade}, Peter A.~R. and {Aiola}, Simone and {Alford}, Tommy and {Amiri}, Mandana and {Amodeo}, Stefania and {An}, Rui and {Atkins}, Zachary and {Austermann}, Jason E. and {Battaglia}, Nicholas and {Battistelli}, Elia Stefano and {Beall}, James A. and {Bean}, Rachel and {Beringue}, Benjamin and {Bhandarkar}, Tanay and {Biermann}, Emily and {Bolliet}, Boris and {Bond}, J Richard and {Cai}, Hongbo and {Calabrese}, Erminia and {Calafut}, Victoria and {Capalbo}, Valentina and {Carrero}, Felipe and {Carron}, Julien and {Challinor}, Anthony and {Chesmore}, Grace E. and {Cho}, Hsiao-mei and {Choi}, Steve K. and {Clark}, Susan E. and {C{\'o}rdova Rosado}, Rodrigo and {Cothard}, Nicholas F. and {Coughlin}, Kevin and {Coulton}, William and {Dalal}, Roohi and {Darwish}, Omar and {Devlin}, Mark J. and {Dicker}, Simon and {Doze}, Peter and {Duell}, Cody J. and {Duff}, Shannon M. and {Duivenvoorden}, Adriaan J. and {Dunkley}, Jo and {D{\"u}nner}, Rolando and {Fanfani}, Valentina and {Fankhanel}, Max and {Farren}, Gerrit and {Ferraro}, Simone and {Freundt}, Rodrigo and {Fuzia}, Brittany and {Gallardo}, Patricio A. and {Garrido}, Xavier and {Gluscevic}, Vera and {Golec}, Joseph E. and {Guan}, Yilun and {Halpern}, Mark and {Harrison}, Ian and {Hasselfield}, Matthew and {Healy}, Erin and {Henderson}, Shawn and {Hensley}, Brandon and {Herv{\'\i}as-Caimapo}, Carlos and {Hill}, J. Colin and {Hilton}, Gene C. and {Hilton}, Matt and {Hincks}, Adam D. and {Hlo{\v{z}}ek}, Ren{\'e}e and {Ho}, Shuay-Pwu Patty and {Huber}, Zachary B. and {Hubmayr}, Johannes and {Huffenberger}, Kevin M. and {Hughes}, John P. and {Irwin}, Kent and {Isopi}, Giovanni and {Jense}, Hidde T. and {Keller}, Ben and {Kim}, Joshua and {Knowles}, Kenda and {Koopman}, Brian J. and {Kosowsky}, Arthur and {Kramer}, Darby and {Kusiak}, Aleksandra and {La Posta}, Adrien and {Lague}, Alex and {Lakey}, Victoria and {Lee}, Eunseong and {Li}, Zack and {Li}, Yaqiong and {Limon}, Michele and {Lokken}, Martine and {Louis}, Thibaut and {Lungu}, Marius and {MacCrann}, Niall and {MacInnis}, Amanda and {Maldonado}, Diego and {Maldonado}, Felipe and {Mallaby-Kay}, Maya and {Marques}, Gabriela A. and {McMahon}, Jeff and {Mehta}, Yogesh and {Menanteau}, Felipe and {Moodley}, Kavilan and {Morris}, Thomas W. and {Mroczkowski}, Tony and {Naess}, Sigurd and {Namikawa}, Toshiya and {Nati}, Federico and {Newburgh}, Laura and {Nicola}, Andrina and {Niemack}, Michael D. and {Nolta}, Michael R. and {Orlowski-Scherer}, John and {Page}, Lyman A. and {Pandey}, Shivam and {Partridge}, Bruce and {Prince}, Heather and {Puddu}, Roberto and {Radiconi}, Federico and {Robertson}, Naomi and {Rojas}, Felipe and {Sakuma}, Tai and {Salatino}, Maria and {Schaan}, Emmanuel and {Schmitt}, Benjamin L. and {Sehgal}, Neelima and {Shaikh}, Shabbir and {Sierra}, Carlos and {Sievers}, Jon and {Sif{\'o}n}, Crist{\'o}bal and {Simon}, Sara and {Sonka}, Rita and {Spergel}, David N. and {Staggs}, Suzanne T. and {Storer}, Emilie and {Switzer}, Eric R. and {Tampier}, Niklas and {Thornton}, Robert and {Trac}, Hy and {Treu}, Jesse and {Tucker}, Carole and {Ulluom}, Joel and {Vale}, Leila R. and {Van Engelen}, Alexander and {Van Lanen}, Jeff and {van Marrewijk}, Joshiwa and {Vargas}, Cristian and {Vavagiakis}, Eve M. and {Wagoner}, Kasey and {Wang}, Yuhan and {Wenzl}, Lukas and {Wollack}, Edward J. and {Xu}, Zhilei and {Zago}, Fernando and {Zhang}, Kaiwen},
        title = "{The Atacama Cosmology Telescope: A Measurement of the DR6 CMB Lensing Power Spectrum and its Implications for Structure Growth}",
      journal = {arXiv e-prints},
     keywords = {Astrophysics - Cosmology and Nongalactic Astrophysics},
         year = 2023,
        month = apr,
          eid = {arXiv:2304.05202},
        pages = {arXiv:2304.05202},
          doi = {10.48550/arXiv.2304.05202},
archivePrefix = {arXiv},
       eprint = {2304.05202},
 primaryClass = {astro-ph.CO},
       adsurl = {https://ui.adsabs.harvard.edu/abs/2023arXiv230405202Q},
      adsnote = {Provided by the SAO/NASA Astrophysics Data System}
}

@ARTICLE{2020JCAP...05..042I,
       author = {{Ivanov}, Mikhail M. and {Simonovi{\'c}}, Marko and {Zaldarriaga}, Matias},
        title = "{Cosmological parameters from the BOSS galaxy power spectrum}",
      journal = {\jcap},
     keywords = {Astrophysics - Cosmology and Nongalactic Astrophysics, General Relativity and Quantum Cosmology, High Energy Physics - Phenomenology},
         year = 2020,
        month = may,
       volume = {2020},
       number = {5},
          eid = {042},
        pages = {042},
          doi = {10.1088/1475-7516/2020/05/042},
archivePrefix = {arXiv},
       eprint = {1909.05277},
 primaryClass = {astro-ph.CO},
       adsurl = {https://ui.adsabs.harvard.edu/abs/2020JCAP...05..042I},
      adsnote = {Provided by the SAO/NASA Astrophysics Data System}
}

@ARTICLE{2023JCAP...04..057Y,
       author = {{Yu}, Byeonghee and {Seljak}, Uro{\v{s}} and {Li}, Yin and {Singh}, Sukhdeep},
        title = "{RSD measurements from BOSS galaxy power spectrum using the halo perturbation theory model}",
      journal = {\jcap},
     keywords = {cosmological parameters from LSS, power spectrum, redshift surveys, Astrophysics - Cosmology and Nongalactic Astrophysics},
         year = 2023,
        month = apr,
       volume = {2023},
       number = {4},
          eid = {057},
        pages = {057},
          doi = {10.1088/1475-7516/2023/04/057},
archivePrefix = {arXiv},
       eprint = {2211.16794},
 primaryClass = {astro-ph.CO},
       adsurl = {https://ui.adsabs.harvard.edu/abs/2023JCAP...04..057Y},
      adsnote = {Provided by the SAO/NASA Astrophysics Data System}
}

@ARTICLE{2022MNRAS.515..857E,
       author = {{Esposito}, Matteo and {Ir{\v{s}}i{\v{c}}}, Vid and {Costanzi}, Matteo and {Borgani}, Stefano and {Saro}, Alexandro and {Viel}, Matteo},
        title = "{Weighing cosmic structures with clusters of galaxies and the intergalactic medium}",
      journal = {\mnras},
     keywords = {methods: numerical, galaxies: clusters: intergalactic medium, large-scale structure of Universe, Astrophysics - Cosmology and Nongalactic Astrophysics, High Energy Physics - Theory},
         year = 2022,
        month = sep,
       volume = {515},
       number = {1},
        pages = {857-870},
          doi = {10.1093/mnras/stac1825},
archivePrefix = {arXiv},
       eprint = {2202.00974},
 primaryClass = {astro-ph.CO},
       adsurl = {https://ui.adsabs.harvard.edu/abs/2022MNRAS.515..857E},
      adsnote = {Provided by the SAO/NASA Astrophysics Data System}
}

